<!DOCTYPE html>
<html class="no-js" lang="pl-PL" xml:lang="pl-PL" xmlns="http://www.w3.org/1999/xhtml" data-alternate-language="en-GB" data-app-name="prd"
      data-assets="{&quot;/images/default-image.png&quot;:&quot;/groceries/images/default-image.png&quot;}" data-cookie-policy-accepted
      data-device="{&quot;cutsMustard&quot;:true,&quot;isStockAndroid&quot;:false,&quot;isOldAndroid&quot;:false,&quot;isOldIE&quot;:false,&quot;type&quot;:&quot;desktop&quot;}"
      data-csrf-token="1Vms0uSf-Oo2nQM1Mwznl_YDwWeNoDyG-2BI" data-environment="container"
      data-features="{&quot;dcsHomePagePreview&quot;:true,&quot;forceFallbackHomePageData&quot;:false,&quot;useS3ForFallbackContent&quot;:false,&quot;editPassword&quot;:false,&quot;eventsPage&quot;:true,&quot;adobeProductRecommendations&quot;:false,&quot;mvtSupport&quot;:true}"
      data-grocery-domain="ezakupy.tesco.pl" data-trkid="e054cc41-408b-467a-b7af-803374753887" data-base-path="groceries"
      data-icons-fallback="/groceries/styles/icons/fallback/PL-39efa3781c.css" data-icons-svg="/groceries/styles/icons/data.svg/PL-fba72d7450.css"
      data-login-domain="ezakupy.tesco.pl"
      data-props="{&quot;timezone&quot;:&quot;Europe/Warsaw&quot;,&quot;mvt&quot;:0,&quot;user&quot;:{&quot;isAuthenticated&quot;:false,&quot;isRegistered&quot;:false,&quot;trkid&quot;:&quot;e054cc41-408b-467a-b7af-803374753887&quot;},&quot;nav&quot;:[{&quot;url&quot;:&quot;/warzywa-owoce&quot;,&quot;name&quot;:&quot;Warzywa, owoce&quot;,&quot;catId&quot;:null,&quot;index&quot;:0,&quot;items&quot;:[{&quot;url&quot;:&quot;/warzywa-owoce/warzywa&quot;,&quot;name&quot;:&quot;Warzywa&quot;,&quot;catId&quot;:null,&quot;index&quot;:0,&quot;items&quot;:[{&quot;url&quot;:&quot;/warzywa-owoce/warzywa/Cat00005311&quot;,&quot;name&quot;:&quot;Pomidory, ogórki, papryka&quot;,&quot;catId&quot;:&quot;Cat00005311&quot;,&quot;index&quot;:0,&quot;items&quot;:[]},{&quot;url&quot;:&quot;/warzywa-owoce/warzywa/Cat00005315&quot;,&quot;name&quot;:&quot;Sałata i rzodkiewka&quot;,&quot;catId&quot;:&quot;Cat00005315&quot;,&quot;index&quot;:1,&quot;items&quot;:[]},{&quot;url&quot;:&quot;/warzywa-owoce/warzywa/Cat00005318&quot;,&quot;name&quot;:&quot;Ziemniaki i buraki&quot;,&quot;catId&quot;:&quot;Cat00005318&quot;,&quot;index&quot;:2,&quot;items&quot;:[]},{&quot;url&quot;:&quot;/warzywa-owoce/warzywa/Cat00005321&quot;,&quot;name&quot;:&quot;Marchew i pietruszka&quot;,&quot;catId&quot;:&quot;Cat00005321&quot;,&quot;index&quot;:3,&quot;items&quot;:[]},{&quot;url&quot;:&quot;/warzywa-owoce/warzywa/Cat00005324&quot;,&quot;name&quot;:&quot;Cebula, czosnek, por&quot;,&quot;catId&quot;:&quot;Cat00005324&quot;,&quot;index&quot;:4,&quot;items&quot;:[]},{&quot;url&quot;:&quot;/warzywa-owoce/warzywa/Cat00005328&quot;,&quot;name&quot;:&quot;Brokuł, kalafior, kapusta&quot;,&quot;catId&quot;:&quot;Cat00005328&quot;,&quot;index&quot;:5,&quot;items&quot;:[]},{&quot;url&quot;:&quot;/warzywa-owoce/warzywa/Cat00005330&quot;,&quot;name&quot;:&quot;Kapusta i ogórki kwaszone&quot;,&quot;catId&quot;:&quot;Cat00005330&quot;,&quot;index&quot;:6,&quot;items&quot;:[]},{&quot;url&quot;:&quot;/warzywa-owoce/warzywa/Cat00005332&quot;,&quot;name&quot;:&quot;Pozostałe warzywa&quot;,&quot;catId&quot;:&quot;Cat00005332&quot;,&quot;index&quot;:7,&quot;items&quot;:[]}]},{&quot;url&quot;:&quot;/warzywa-owoce/salatki-ziola-natki&quot;,&quot;name&quot;:&quot;Sałatki, zioła, natki&quot;,&quot;catId&quot;:null,&quot;index&quot;:1,&quot;items&quot;:[{&quot;url&quot;:&quot;/warzywa-owoce/salatki-ziola-natki/Cat00005335&quot;,&quot;name&quot;:&quot;Sałatki, zioła, natki&quot;,&quot;catId&quot;:&quot;Cat00005335&quot;,&quot;index&quot;:0,&quot;items&quot;:[]}]},{&quot;url&quot;:&quot;/warzywa-owoce/owoce&quot;,&quot;name&quot;:&quot;Owoce&quot;,&quot;catId&quot;:null,&quot;index&quot;:2,&quot;items&quot;:[{&quot;url&quot;:&quot;/warzywa-owoce/owoce/Cat00005341&quot;,&quot;name&quot;:&quot;Banany i owoce egzotyczne&quot;,&quot;catId&quot;:&quot;Cat00005341&quot;,&quot;index&quot;:0,&quot;items&quot;:[]},{&quot;url&quot;:&quot;/warzywa-owoce/owoce/Cat00005345&quot;,&quot;name&quot;:&quot;Cytrusy&quot;,&quot;catId&quot;:&quot;Cat00005345&quot;,&quot;index&quot;:1,&quot;items&quot;:[]},{&quot;url&quot;:&quot;/warzywa-owoce/owoce/Cat00005350&quot;,&quot;name&quot;:&quot;Jabłka i gruszki&quot;,&quot;catId&quot;:&quot;Cat00005350&quot;,&quot;index&quot;:2,&quot;items&quot;:[]},{&quot;url&quot;:&quot;/warzywa-owoce/owoce/Cat00005353&quot;,&quot;name&quot;:&quot;Winogrona, arbuzy, melony&quot;,&quot;catId&quot;:&quot;Cat00005353&quot;,&quot;index&quot;:3,&quot;items&quot;:[]},{&quot;url&quot;:&quot;/warzywa-owoce/owoce/Cat00005357&quot;,&quot;name&quot;:&quot;Owoce miękkie&quot;,&quot;catId&quot;:&quot;Cat00005357&quot;,&quot;index&quot;:4,&quot;items&quot;:[]},{&quot;url&quot;:&quot;/warzywa-owoce/owoce/Cat00005359&quot;,&quot;name&quot;:&quot;Owoce pestkowe&quot;,&quot;catId&quot;:&quot;Cat00005359&quot;,&quot;index&quot;:5,&quot;items&quot;:[]}]},{&quot;url&quot;:&quot;/warzywa-owoce/grzyby&quot;,&quot;name&quot;:&quot;Grzyby&quot;,&quot;catId&quot;:null,&quot;index&quot;:3,&quot;items&quot;:[{&quot;url&quot;:&quot;/warzywa-owoce/grzyby/Cat00005362&quot;,&quot;name&quot;:&quot;Grzyby świeże i suszone&quot;,&quot;catId&quot;:&quot;Cat00005362&quot;,&quot;index&quot;:0,&quot;items&quot;:[]}]}]},{&quot;url&quot;:&quot;/pieczywo-cukiernia&quot;,&quot;name&quot;:&quot;Pieczywo, cukiernia&quot;,&quot;catId&quot;:null,&quot;index&quot;:1,&quot;items&quot;:[{&quot;url&quot;:&quot;/pieczywo-cukiernia/chleb&quot;,&quot;name&quot;:&quot;Chleb&quot;,&quot;catId&quot;:null,&quot;index&quot;:0,&quot;items&quot;:[{&quot;url&quot;:&quot;/pieczywo-cukiernia/chleb/Cat00005366&quot;,&quot;name&quot;:&quot;Ciemny&quot;,&quot;catId&quot;:&quot;Cat00005366&quot;,&quot;index&quot;:0,&quot;items&quot;:[]},{&quot;url&quot;:&quot;/pieczywo-cukiernia/chleb/Cat00005368&quot;,&quot;name&quot;:&quot;Jasny&quot;,&quot;catId&quot;:&quot;Cat00005368&quot;,&quot;index&quot;:1,&quot;items&quot;:[]},{&quot;url&quot;:&quot;/pieczywo-cukiernia/chleb/Cat00005370&quot;,&quot;name&quot;:&quot;Na wagę krojony&quot;,&quot;catId&quot;:&quot;Cat00005370&quot;,&quot;index&quot;:2,&quot;items&quot;:[]}]},{&quot;url&quot;:&quot;/pieczywo-cukiernia/bulki&quot;,&quot;name&quot;:&quot;Bułki&quot;,&quot;catId&quot;:null,&quot;index&quot;:1,&quot;items&quot;:[{&quot;url&quot;:&quot;/pieczywo-cukiernia/bulki/Cat00005373&quot;,&quot;name&quot;:&quot;Bułki ciemne i ziarniste&quot;,&quot;catId&quot;:&quot;Cat00005373&quot;,&quot;index&quot;:0,&quot;items&quot;:[]},{&quot;url&quot;:&quot;/pieczywo-cukiernia/bulki/Cat00005375&quot;,&quot;name&quot;:&quot;Bułki jasne&quot;,&quot;catId&quot;:&quot;Cat00005375&quot;,&quot;index&quot;:1,&quot;items&quot;:[]},{&quot;url&quot;:&quot;/pieczywo-cukiernia/bulki/Cat00005377&quot;,&quot;name&quot;:&quot;Bagietka&quot;,&quot;catId&quot;:&quot;Cat00005377&quot;,&quot;index&quot;:2,&quot;items&quot;:[]},{&quot;url&quot;:&quot;/pieczywo-cukiernia/bulki/Cat00005379&quot;,&quot;name&quot;:&quot;Przekąski&quot;,&quot;catId&quot;:&quot;Cat00005379&quot;,&quot;index&quot;:3,&quot;items&quot;:[]},{&quot;url&quot;:&quot;/pieczywo-cukiernia/bulki/Cat00005381&quot;,&quot;name&quot;:&quot;Bułka tarta&quot;,&quot;catId&quot;:&quot;Cat00005381&quot;,&quot;index&quot;:4,&quot;items&quot;:[]}]},{&quot;url&quot;:&quot;/pieczywo-cukiernia/cukiernia&quot;,&quot;name&quot;:&quot;Cukiernia&quot;,&quot;catId&quot;:null,&quot;index&quot;:2,&quot;items&quot;:[{&quot;url&quot;:&quot;/pieczywo-cukiernia/cukiernia/Cat00005384&quot;,&quot;name&quot;:&quot;Ciastka&quot;,&quot;catId&quot;:&quot;Cat00005384&quot;,&quot;index&quot;:0,&quot;items&quot;:[]},{&quot;url&quot;:&quot;/pieczywo-cukiernia/cukiernia/Cat00005387&quot;,&quot;name&quot;:&quot;Ciasto&quot;,&quot;catId&quot;:&quot;Cat00005387&quot;,&quot;index&quot;:1,&quot;items&quot;:[]},{&quot;url&quot;:&quot;/pieczywo-cukiernia/cukiernia/Cat00005390&quot;,&quot;name&quot;:&quot;Pączki i drożdżówki&quot;,&quot;catId&quot;:&quot;Cat00005390&quot;,&quot;index&quot;:2,&quot;items&quot;:[]}]},{&quot;url&quot;:&quot;/pieczywo-cukiernia/tosty-i-pieczywo-do-odpieku&quot;,&quot;name&quot;:&quot;Tosty i pieczywo do odpieku&quot;,&quot;catId&quot;:null,&quot;index&quot;:3,&quot;items&quot;:[{&quot;url&quot;:&quot;/pieczywo-cukiernia/tosty-i-pieczywo-do-odpieku/Cat00005393&quot;,&quot;name&quot;:&quot;Tosty&quot;,&quot;catId&quot;:&quot;Cat00005393&quot;,&quot;index&quot;:0,&quot;items&quot;:[]},{&quot;url&quot;:&quot;/pieczywo-cukiernia/tosty-i-pieczywo-do-odpieku/Cat00005395&quot;,&quot;name&quot;:&quot;Pieczywo do odpieku&quot;,&quot;catId&quot;:&quot;Cat00005395&quot;,&quot;index&quot;:1,&quot;items&quot;:[]}]}]},{&quot;url&quot;:&quot;/produkty-swieze&quot;,&quot;name&quot;:&quot;Produkty świeże&quot;,&quot;catId&quot;:null,&quot;index&quot;:2,&quot;items&quot;:[{&quot;url&quot;:&quot;/produkty-swieze/nabial-i-jaja&quot;,&quot;name&quot;:&quot;Nabiał i jaja&quot;,&quot;catId&quot;:null,&quot;index&quot;:0,&quot;items&quot;:[{&quot;url&quot;:&quot;/produkty-swieze/nabial-i-jaja/Cat00005399&quot;,&quot;name&quot;:&quot;Mleko UHT&quot;,&quot;catId&quot;:&quot;Cat00005399&quot;,&quot;index&quot;:0,&quot;items&quot;:[]},{&quot;url&quot;:&quot;/produkty-swieze/nabial-i-jaja/Cat00005407&quot;,&quot;name&quot;:&quot;Mleko świeże chłodzone&quot;,&quot;catId&quot;:&quot;Cat00005407&quot;,&quot;index&quot;:1,&quot;items&quot;:[]},{&quot;url&quot;:&quot;/produkty-swieze/nabial-i-jaja/Cat00005410&quot;,&quot;name&quot;:&quot;Śmietana&quot;,&quot;catId&quot;:&quot;Cat00005410&quot;,&quot;index&quot;:2,&quot;items&quot;:[]},{&quot;url&quot;:&quot;/produkty-swieze/nabial-i-jaja/Cat00005415&quot;,&quot;name&quot;:&quot;Śmietanka UHT i śmietana w sprayu&quot;,&quot;catId&quot;:&quot;Cat00005415&quot;,&quot;index&quot;:3,&quot;items&quot;:[]},{&quot;url&quot;:&quot;/produkty-swieze/nabial-i-jaja/Cat00005420&quot;,&quot;name&quot;:&quot;Twaróg&quot;,&quot;catId&quot;:&quot;Cat00005420&quot;,&quot;index&quot;:4,&quot;items&quot;:[]},{&quot;url&quot;:&quot;/produkty-swieze/nabial-i-jaja/Cat00005427&quot;,&quot;name&quot;:&quot;Kefir i maślanka&quot;,&quot;catId&quot;:&quot;Cat00005427&quot;,&quot;index&quot;:5,&quot;items&quot;:[]},{&quot;url&quot;:&quot;/produkty-swieze/nabial-i-jaja/Cat00005430&quot;,&quot;name&quot;:&quot;Jogurty&quot;,&quot;catId&quot;:&quot;Cat00005430&quot;,&quot;index&quot;:6,&quot;items&quot;:[]},{&quot;url&quot;:&quot;/produkty-swieze/nabial-i-jaja/Cat00005439&quot;,&quot;name&quot;:&quot;Desery i serki&quot;,&quot;catId&quot;:&quot;Cat00005439&quot;,&quot;index&quot;:7,&quot;items&quot;:[]},{&quot;url&quot;:&quot;/produkty-swieze/nabial-i-jaja/Cat00005444&quot;,&quot;name&quot;:&quot;Jaja&quot;,&quot;catId&quot;:&quot;Cat00005444&quot;,&quot;index&quot;:8,&quot;items&quot;:[]},{&quot;url&quot;:&quot;/produkty-swieze/nabial-i-jaja/Cat00005448&quot;,&quot;name&quot;:&quot;Jogurty&quot;,&quot;catId&quot;:&quot;Cat00005448&quot;,&quot;index&quot;:9,&quot;items&quot;:[]}]},{&quot;url&quot;:&quot;/produkty-swieze/maslo-i-margaryna&quot;,&quot;name&quot;:&quot;Masło i margaryna&quot;,&quot;catId&quot;:null,&quot;index&quot;:1,&quot;items&quot;:[{&quot;url&quot;:&quot;/produkty-swieze/maslo-i-margaryna/Cat00005456&quot;,&quot;name&quot;:&quot;Masło i masło smakowe&quot;,&quot;catId&quot;:&quot;Cat00005456&quot;,&quot;index&quot;:0,&quot;items&quot;:[]},{&quot;url&quot;:&quot;/produkty-swieze/maslo-i-margaryna/Cat00005459&quot;,&quot;name&quot;:&quot;Margaryna i drożdże&quot;,&quot;catId&quot;:&quot;Cat00005459&quot;,&quot;index&quot;:1,&quot;items&quot;:[]},{&quot;url&quot;:&quot;/produkty-swieze/maslo-i-margaryna/Cat00005462&quot;,&quot;name&quot;:&quot;Mixy, tłuszcze, smalec&quot;,&quot;catId&quot;:&quot;Cat00005462&quot;,&quot;index&quot;:2,&quot;items&quot;:[]}]},{&quot;url&quot;:&quot;/produkty-swieze/ser&quot;,&quot;name&quot;:&quot;Ser&quot;,&quot;catId&quot;:null,&quot;index&quot;:2,&quot;items&quot;:[{&quot;url&quot;:&quot;/produkty-swieze/ser/Cat00005465&quot;,&quot;name&quot;:&quot;Żółty paczkowany&quot;,&quot;catId&quot;:&quot;Cat00005465&quot;,&quot;index&quot;:0,&quot;items&quot;:[]},{&quot;url&quot;:&quot;/produkty-swieze/ser/Cat00005468&quot;,&quot;name&quot;:&quot;Pleśniowy&quot;,&quot;catId&quot;:&quot;Cat00005468&quot;,&quot;index&quot;:1,&quot;items&quot;:[]},{&quot;url&quot;:&quot;/produkty-swieze/ser/Cat00005471&quot;,&quot;name&quot;:&quot;Topiony i kanapkowy&quot;,&quot;catId&quot;:&quot;Cat00005471&quot;,&quot;index&quot;:2,&quot;items&quot;:[]},{&quot;url&quot;:&quot;/produkty-swieze/ser/Cat00005474&quot;,&quot;name&quot;:&quot;Mozarella, feta, specjalności&quot;,&quot;catId&quot;:&quot;Cat00005474&quot;,&quot;index&quot;:3,&quot;items&quot;:[]},{&quot;url&quot;:&quot;/produkty-swieze/ser/Cat00005476&quot;,&quot;name&quot;:&quot;Kozi&quot;,&quot;catId&quot;:&quot;Cat00005476&quot;,&quot;index&quot;:4,&quot;items&quot;:[]},{&quot;url&quot;:&quot;/produkty-swieze/ser/Cat00005478&quot;,&quot;name&quot;:&quot;Przekąski serowe&quot;,&quot;catId&quot;:&quot;Cat00005478&quot;,&quot;index&quot;:5,&quot;items&quot;:[]},{&quot;url&quot;:&quot;/produkty-swieze/ser/Cat00005480&quot;,&quot;name&quot;:&quot;Ser na wagę&quot;,&quot;catId&quot;:&quot;Cat00005480&quot;,&quot;index&quot;:6,&quot;items&quot;:[]}]},{&quot;url&quot;:&quot;/produkty-swieze/wedliny&quot;,&quot;name&quot;:&quot;Wędliny&quot;,&quot;catId&quot;:null,&quot;index&quot;:3,&quot;items&quot;:[{&quot;url&quot;:&quot;/produkty-swieze/wedliny/Cat00005485&quot;,&quot;name&quot;:&quot;Wędliny w plastrach&quot;,&quot;catId&quot;:&quot;Cat00005485&quot;,&quot;index&quot;:0,&quot;items&quot;:[]},{&quot;url&quot;:&quot;/produkty-swieze/wedliny/Cat00005487&quot;,&quot;name&quot;:&quot;Kiełbasa&quot;,&quot;catId&quot;:&quot;Cat00005487&quot;,&quot;index&quot;:1,&quot;items&quot;:[]},{&quot;url&quot;:&quot;/produkty-swieze/wedliny/Cat00005493&quot;,&quot;name&quot;:&quot;Wędzonki&quot;,&quot;catId&quot;:&quot;Cat00005493&quot;,&quot;index&quot;:2,&quot;items&quot;:[]},{&quot;url&quot;:&quot;/produkty-swieze/wedliny/Cat00005495&quot;,&quot;name&quot;:&quot;Boczek&quot;,&quot;catId&quot;:&quot;Cat00005495&quot;,&quot;index&quot;:3,&quot;items&quot;:[]},{&quot;url&quot;:&quot;/produkty-swieze/wedliny/Cat00005498&quot;,&quot;name&quot;:&quot;Mielonki&quot;,&quot;catId&quot;:&quot;Cat00005498&quot;,&quot;index&quot;:4,&quot;items&quot;:[]},{&quot;url&quot;:&quot;/produkty-swieze/wedliny/Cat00005500&quot;,&quot;name&quot;:&quot;Pasztet i podroby&quot;,&quot;catId&quot;:&quot;Cat00005500&quot;,&quot;index&quot;:5,&quot;items&quot;:[]},{&quot;url&quot;:&quot;/produkty-swieze/wedliny/Cat00005503&quot;,&quot;name&quot;:&quot;Wędliny na wagę&quot;,&quot;catId&quot;:&quot;Cat00005503&quot;,&quot;index&quot;:6,&quot;items&quot;:[]}]},{&quot;url&quot;:&quot;/produkty-swieze/mieso-i-drob&quot;,&quot;name&quot;:&quot;Mięso i drób&quot;,&quot;catId&quot;:null,&quot;index&quot;:4,&quot;items&quot;:[{&quot;url&quot;:&quot;/produkty-swieze/mieso-i-drob/Cat00005513&quot;,&quot;name&quot;:&quot;Mięso paczkowane&quot;,&quot;catId&quot;:&quot;Cat00005513&quot;,&quot;index&quot;:0,&quot;items&quot;:[]},{&quot;url&quot;:&quot;/produkty-swieze/mieso-i-drob/Cat00005518&quot;,&quot;name&quot;:&quot;Drób paczkowany&quot;,&quot;catId&quot;:&quot;Cat00005518&quot;,&quot;index&quot;:1,&quot;items&quot;:[]},{&quot;url&quot;:&quot;/produkty-swieze/mieso-i-drob/Cat00005523&quot;,&quot;name&quot;:&quot;Mięso na wagę&quot;,&quot;catId&quot;:&quot;Cat00005523&quot;,&quot;index&quot;:2,&quot;items&quot;:[]},{&quot;url&quot;:&quot;/produkty-swieze/mieso-i-drob/Cat00005525&quot;,&quot;name&quot;:&quot;Drób na wagę&quot;,&quot;catId&quot;:&quot;Cat00005525&quot;,&quot;index&quot;:3,&quot;items&quot;:[]}]},{&quot;url&quot;:&quot;/produkty-swieze/ryby&quot;,&quot;name&quot;:&quot;Ryby&quot;,&quot;catId&quot;:null,&quot;index&quot;:5,&quot;items&quot;:[{&quot;url&quot;:&quot;/produkty-swieze/ryby/Cat00005529&quot;,&quot;name&quot;:&quot;Ryby wędzone paczkowane&quot;,&quot;catId&quot;:&quot;Cat00005529&quot;,&quot;index&quot;:0,&quot;items&quot;:[]},{&quot;url&quot;:&quot;/produkty-swieze/ryby/Cat00005531&quot;,&quot;name&quot;:&quot;Przetwory rybne&quot;,&quot;catId&quot;:&quot;Cat00005531&quot;,&quot;index&quot;:1,&quot;items&quot;:[]},{&quot;url&quot;:&quot;/produkty-swieze/ryby/Cat00005538&quot;,&quot;name&quot;:&quot;Kawior i owoce morza&quot;,&quot;catId&quot;:&quot;Cat00005538&quot;,&quot;index&quot;:2,&quot;items&quot;:[]},{&quot;url&quot;:&quot;/produkty-swieze/ryby/Cat00005540&quot;,&quot;name&quot;:&quot;Ryby na wagę&quot;,&quot;catId&quot;:&quot;Cat00005540&quot;,&quot;index&quot;:3,&quot;items&quot;:[]}]},{&quot;url&quot;:&quot;/produkty-swieze/garmaz&quot;,&quot;name&quot;:&quot;Garmaż&quot;,&quot;catId&quot;:null,&quot;index&quot;:6,&quot;items&quot;:[{&quot;url&quot;:&quot;/produkty-swieze/garmaz/Cat00005545&quot;,&quot;name&quot;:&quot;Wyroby mączne&quot;,&quot;catId&quot;:&quot;Cat00005545&quot;,&quot;index&quot;:0,&quot;items&quot;:[]},{&quot;url&quot;:&quot;/produkty-swieze/garmaz/Cat00005551&quot;,&quot;name&quot;:&quot;Kiszonki&quot;,&quot;catId&quot;:&quot;Cat00005551&quot;,&quot;index&quot;:1,&quot;items&quot;:[]},{&quot;url&quot;:&quot;/produkty-swieze/garmaz/Cat00005555&quot;,&quot;name&quot;:&quot;Sałatki&quot;,&quot;catId&quot;:&quot;Cat00005555&quot;,&quot;index&quot;:2,&quot;items&quot;:[]},{&quot;url&quot;:&quot;/produkty-swieze/garmaz/Cat00005557&quot;,&quot;name&quot;:&quot;Antypasty&quot;,&quot;catId&quot;:&quot;Cat00005557&quot;,&quot;index&quot;:3,&quot;items&quot;:[]},{&quot;url&quot;:&quot;/produkty-swieze/garmaz/Cat00005559&quot;,&quot;name&quot;:&quot;Pizza i zapiekanki&quot;,&quot;catId&quot;:&quot;Cat00005559&quot;,&quot;index&quot;:4,&quot;items&quot;:[]},{&quot;url&quot;:&quot;/produkty-swieze/garmaz/Cat00005562&quot;,&quot;name&quot;:&quot;Dania gotowe&quot;,&quot;catId&quot;:&quot;Cat00005562&quot;,&quot;index&quot;:5,&quot;items&quot;:[]},{&quot;url&quot;:&quot;/produkty-swieze/garmaz/Cat00005564&quot;,&quot;name&quot;:&quot;Galarety&quot;,&quot;catId&quot;:&quot;Cat00005564&quot;,&quot;index&quot;:6,&quot;items&quot;:[]},{&quot;url&quot;:&quot;/produkty-swieze/garmaz/Cat00005566&quot;,&quot;name&quot;:&quot;Flaczki&quot;,&quot;catId&quot;:&quot;Cat00005566&quot;,&quot;index&quot;:7,&quot;items&quot;:[]}]},{&quot;url&quot;:&quot;/produkty-swieze/zdrowa-zywnosc&quot;,&quot;name&quot;:&quot;Zdrowa żywność&quot;,&quot;catId&quot;:null,&quot;index&quot;:7,&quot;items&quot;:[{&quot;url&quot;:&quot;/produkty-swieze/zdrowa-zywnosc/Cat00005571&quot;,&quot;name&quot;:&quot;Bez laktozy&quot;,&quot;catId&quot;:&quot;Cat00005571&quot;,&quot;index&quot;:0,&quot;items&quot;:[]},{&quot;url&quot;:&quot;/produkty-swieze/zdrowa-zywnosc/Cat00005573&quot;,&quot;name&quot;:&quot;Produkty sojowe&quot;,&quot;catId&quot;:&quot;Cat00005573&quot;,&quot;index&quot;:1,&quot;items&quot;:[]},{&quot;url&quot;:&quot;/produkty-swieze/zdrowa-zywnosc/Cat00005575&quot;,&quot;name&quot;:&quot;Pozostałe zdrowe produkty&quot;,&quot;catId&quot;:&quot;Cat00005575&quot;,&quot;index&quot;:2,&quot;items&quot;:[]}]},{&quot;url&quot;:&quot;/produkty-swieze/kwiaty-swieze&quot;,&quot;name&quot;:&quot;Kwiaty świeże&quot;,&quot;catId&quot;:null,&quot;index&quot;:8,&quot;items&quot;:[{&quot;url&quot;:&quot;/produkty-swieze/kwiaty-swieze/Cat00005581&quot;,&quot;name&quot;:&quot;Kwiaty świeże&quot;,&quot;catId&quot;:&quot;Cat00005581&quot;,&quot;index&quot;:0,&quot;items&quot;:[]}]}]},{&quot;url&quot;:&quot;/mrozonki&quot;,&quot;name&quot;:&quot;Mrożonki&quot;,&quot;catId&quot;:null,&quot;index&quot;:3,&quot;items&quot;:[{&quot;url&quot;:&quot;/mrozonki/mrozone-warzywa-i-owoce&quot;,&quot;name&quot;:&quot;Mrożone warzywa i owoce&quot;,&quot;catId&quot;:null,&quot;index&quot;:0,&quot;items&quot;:[{&quot;url&quot;:&quot;/mrozonki/mrozone-warzywa-i-owoce/Cat00005585&quot;,&quot;name&quot;:&quot;Warzywa i grzyby&quot;,&quot;catId&quot;:&quot;Cat00005585&quot;,&quot;index&quot;:0,&quot;items&quot;:[]},{&quot;url&quot;:&quot;/mrozonki/mrozone-warzywa-i-owoce/Cat00005591&quot;,&quot;name&quot;:&quot;Owoce&quot;,&quot;catId&quot;:&quot;Cat00005591&quot;,&quot;index&quot;:1,&quot;items&quot;:[]}]},{&quot;url&quot;:&quot;/mrozonki/lody&quot;,&quot;name&quot;:&quot;Lody&quot;,&quot;catId&quot;:null,&quot;index&quot;:1,&quot;items&quot;:[{&quot;url&quot;:&quot;/mrozonki/lody/Cat00005596&quot;,&quot;name&quot;:&quot;Familijne&quot;,&quot;catId&quot;:&quot;Cat00005596&quot;,&quot;index&quot;:0,&quot;items&quot;:[]},{&quot;url&quot;:&quot;/mrozonki/lody/Cat00005598&quot;,&quot;name&quot;:&quot;Rożki, lody na patyku&quot;,&quot;catId&quot;:&quot;Cat00005598&quot;,&quot;index&quot;:1,&quot;items&quot;:[]},{&quot;url&quot;:&quot;/mrozonki/lody/Cat00005600&quot;,&quot;name&quot;:&quot;Sorbety&quot;,&quot;catId&quot;:&quot;Cat00005600&quot;,&quot;index&quot;:2,&quot;items&quot;:[]},{&quot;url&quot;:&quot;/mrozonki/lody/Cat00005602&quot;,&quot;name&quot;:&quot;Rolady&quot;,&quot;catId&quot;:&quot;Cat00005602&quot;,&quot;index&quot;:3,&quot;items&quot;:[]},{&quot;url&quot;:&quot;/mrozonki/lody/Cat00005604&quot;,&quot;name&quot;:&quot;Ciasta&quot;,&quot;catId&quot;:&quot;Cat00005604&quot;,&quot;index&quot;:4,&quot;items&quot;:[]}]},{&quot;url&quot;:&quot;/mrozonki/mrozone-ryby-i-drob&quot;,&quot;name&quot;:&quot;Mrożone ryby i drób&quot;,&quot;catId&quot;:null,&quot;index&quot;:2,&quot;items&quot;:[{&quot;url&quot;:&quot;/mrozonki/mrozone-ryby-i-drob/Cat00005607&quot;,&quot;name&quot;:&quot;Ryby i owoce morza&quot;,&quot;catId&quot;:&quot;Cat00005607&quot;,&quot;index&quot;:0,&quot;items&quot;:[]},{&quot;url&quot;:&quot;/mrozonki/mrozone-ryby-i-drob/Cat00005613&quot;,&quot;name&quot;:&quot;Drób i królik&quot;,&quot;catId&quot;:&quot;Cat00005613&quot;,&quot;index&quot;:1,&quot;items&quot;:[]}]},{&quot;url&quot;:&quot;/mrozonki/mrozone-pizza-i-frytki&quot;,&quot;name&quot;:&quot;Mrożone pizza i frytki&quot;,&quot;catId&quot;:null,&quot;index&quot;:3,&quot;items&quot;:[{&quot;url&quot;:&quot;/mrozonki/mrozone-pizza-i-frytki/Cat00005616&quot;,&quot;name&quot;:&quot;Pizza i zapiekanki&quot;,&quot;catId&quot;:&quot;Cat00005616&quot;,&quot;index&quot;:0,&quot;items&quot;:[]},{&quot;url&quot;:&quot;/mrozonki/mrozone-pizza-i-frytki/Cat00005623&quot;,&quot;name&quot;:&quot;Frytki i ziemniaczki&quot;,&quot;catId&quot;:&quot;Cat00005623&quot;,&quot;index&quot;:1,&quot;items&quot;:[]}]},{&quot;url&quot;:&quot;/mrozonki/dania-mrozone&quot;,&quot;name&quot;:&quot;Dania mrożone&quot;,&quot;catId&quot;:null,&quot;index&quot;:4,&quot;items&quot;:[{&quot;url&quot;:&quot;/mrozonki/dania-mrozone/Cat00005628&quot;,&quot;name&quot;:&quot;Dania mączne&quot;,&quot;catId&quot;:&quot;Cat00005628&quot;,&quot;index&quot;:0,&quot;items&quot;:[]},{&quot;url&quot;:&quot;/mrozonki/dania-mrozone/Cat00005632&quot;,&quot;name&quot;:&quot;Dania mięsne i garmaż&quot;,&quot;catId&quot;:&quot;Cat00005632&quot;,&quot;index&quot;:1,&quot;items&quot;:[]}]}]},{&quot;url&quot;:&quot;/art-spozywcze&quot;,&quot;name&quot;:&quot;Art. spożywcze&quot;,&quot;catId&quot;:null,&quot;index&quot;:4,&quot;items&quot;:[{&quot;url&quot;:&quot;/art-spozywcze/produkty-sypkie-i-makarony&quot;,&quot;name&quot;:&quot;Produkty sypkie i makarony&quot;,&quot;catId&quot;:null,&quot;index&quot;:0,&quot;items&quot;:[{&quot;url&quot;:&quot;/art-spozywcze/produkty-sypkie-i-makarony/Cat00005638&quot;,&quot;name&quot;:&quot;Cukier i słodzik&quot;,&quot;catId&quot;:&quot;Cat00005638&quot;,&quot;index&quot;:0,&quot;items&quot;:[]},{&quot;url&quot;:&quot;/art-spozywcze/produkty-sypkie-i-makarony/Cat00005642&quot;,&quot;name&quot;:&quot;Mąka&quot;,&quot;catId&quot;:&quot;Cat00005642&quot;,&quot;index&quot;:1,&quot;items&quot;:[]},{&quot;url&quot;:&quot;/art-spozywcze/produkty-sypkie-i-makarony/Cat00005644&quot;,&quot;name&quot;:&quot;Makaron&quot;,&quot;catId&quot;:&quot;Cat00005644&quot;,&quot;index&quot;:2,&quot;items&quot;:[]},{&quot;url&quot;:&quot;/art-spozywcze/produkty-sypkie-i-makarony/Cat00005648&quot;,&quot;name&quot;:&quot;Ryż&quot;,&quot;catId&quot;:&quot;Cat00005648&quot;,&quot;index&quot;:3,&quot;items&quot;:[]},{&quot;url&quot;:&quot;/art-spozywcze/produkty-sypkie-i-makarony/Cat00005651&quot;,&quot;name&quot;:&quot;Kasza i płatki&quot;,&quot;catId&quot;:&quot;Cat00005651&quot;,&quot;index&quot;:4,&quot;items&quot;:[]},{&quot;url&quot;:&quot;/art-spozywcze/produkty-sypkie-i-makarony/Cat00005654&quot;,&quot;name&quot;:&quot;Groch, fasola, pozostałe sypkie&quot;,&quot;catId&quot;:&quot;Cat00005654&quot;,&quot;index&quot;:5,&quot;items&quot;:[]}]},{&quot;url&quot;:&quot;/art-spozywcze/platki-sniadaniowe&quot;,&quot;name&quot;:&quot;Płatki śniadaniowe&quot;,&quot;catId&quot;:null,&quot;index&quot;:1,&quot;items&quot;:[{&quot;url&quot;:&quot;/art-spozywcze/platki-sniadaniowe/Cat00005657&quot;,&quot;name&quot;:&quot;Musli&quot;,&quot;catId&quot;:&quot;Cat00005657&quot;,&quot;index&quot;:0,&quot;items&quot;:[]},{&quot;url&quot;:&quot;/art-spozywcze/platki-sniadaniowe/Cat00005659&quot;,&quot;name&quot;:&quot;Kukurydziane&quot;,&quot;catId&quot;:&quot;Cat00005659&quot;,&quot;index&quot;:1,&quot;items&quot;:[]},{&quot;url&quot;:&quot;/art-spozywcze/platki-sniadaniowe/Cat00005662&quot;,&quot;name&quot;:&quot;Pozostałe płatki śniadaniowe&quot;,&quot;catId&quot;:&quot;Cat00005662&quot;,&quot;index&quot;:2,&quot;items&quot;:[]}]},{&quot;url&quot;:&quot;/art-spozywcze/sosy-oleje-ocet&quot;,&quot;name&quot;:&quot;Sosy, oleje, ocet&quot;,&quot;catId&quot;:null,&quot;index&quot;:2,&quot;items&quot;:[{&quot;url&quot;:&quot;/art-spozywcze/sosy-oleje-ocet/Cat00005665&quot;,&quot;name&quot;:&quot;Olej i oliwa&quot;,&quot;catId&quot;:&quot;Cat00005665&quot;,&quot;index&quot;:0,&quot;items&quot;:[]},{&quot;url&quot;:&quot;/art-spozywcze/sosy-oleje-ocet/Cat00005668&quot;,&quot;name&quot;:&quot;Ketchup i musztarda&quot;,&quot;catId&quot;:&quot;Cat00005668&quot;,&quot;index&quot;:1,&quot;items&quot;:[]},{&quot;url&quot;:&quot;/art-spozywcze/sosy-oleje-ocet/Cat00005671&quot;,&quot;name&quot;:&quot;Majonez i chrzan&quot;,&quot;catId&quot;:&quot;Cat00005671&quot;,&quot;index&quot;:2,&quot;items&quot;:[]},{&quot;url&quot;:&quot;/art-spozywcze/sosy-oleje-ocet/Cat00005674&quot;,&quot;name&quot;:&quot;Ocet i zaprawy cytrynowe&quot;,&quot;catId&quot;:&quot;Cat00005674&quot;,&quot;index&quot;:3,&quot;items&quot;:[]},{&quot;url&quot;:&quot;/art-spozywcze/sosy-oleje-ocet/Cat00005676&quot;,&quot;name&quot;:&quot;Sosy&quot;,&quot;catId&quot;:&quot;Cat00005676&quot;,&quot;index&quot;:4,&quot;items&quot;:[]},{&quot;url&quot;:&quot;/art-spozywcze/sosy-oleje-ocet/Cat00005679&quot;,&quot;name&quot;:&quot;Dressingi i fixy&quot;,&quot;catId&quot;:&quot;Cat00005679&quot;,&quot;index&quot;:5,&quot;items&quot;:[]}]},{&quot;url&quot;:&quot;/art-spozywcze/przyprawy&quot;,&quot;name&quot;:&quot;Przyprawy&quot;,&quot;catId&quot;:null,&quot;index&quot;:3,&quot;items&quot;:[{&quot;url&quot;:&quot;/art-spozywcze/przyprawy/Cat00005685&quot;,&quot;name&quot;:&quot;Sól&quot;,&quot;catId&quot;:&quot;Cat00005685&quot;,&quot;index&quot;:0,&quot;items&quot;:[]},{&quot;url&quot;:&quot;/art-spozywcze/przyprawy/Cat00005687&quot;,&quot;name&quot;:&quot;Jednorodne&quot;,&quot;catId&quot;:&quot;Cat00005687&quot;,&quot;index&quot;:1,&quot;items&quot;:[]},{&quot;url&quot;:&quot;/art-spozywcze/przyprawy/Cat00005689&quot;,&quot;name&quot;:&quot;Mieszanki&quot;,&quot;catId&quot;:&quot;Cat00005689&quot;,&quot;index&quot;:2,&quot;items&quot;:[]},{&quot;url&quot;:&quot;/art-spozywcze/przyprawy/Cat00005692&quot;,&quot;name&quot;:&quot;Marynaty i panierki&quot;,&quot;catId&quot;:&quot;Cat00005692&quot;,&quot;index&quot;:3,&quot;items&quot;:[]},{&quot;url&quot;:&quot;/art-spozywcze/przyprawy/Cat00005694&quot;,&quot;name&quot;:&quot;Przyprawy w płynie i z młynkiem&quot;,&quot;catId&quot;:&quot;Cat00005694&quot;,&quot;index&quot;:4,&quot;items&quot;:[]}]},{&quot;url&quot;:&quot;/art-spozywcze/dania-i-konserwy&quot;,&quot;name&quot;:&quot;Dania i konserwy&quot;,&quot;catId&quot;:null,&quot;index&quot;:4,&quot;items&quot;:[{&quot;url&quot;:&quot;/art-spozywcze/dania-i-konserwy/Cat00005698&quot;,&quot;name&quot;:&quot;Konserwy rybne&quot;,&quot;catId&quot;:&quot;Cat00005698&quot;,&quot;index&quot;:0,&quot;items&quot;:[]},{&quot;url&quot;:&quot;/art-spozywcze/dania-i-konserwy/Cat00005705&quot;,&quot;name&quot;:&quot;Pasztet, konserwy mięsne, smalec&quot;,&quot;catId&quot;:&quot;Cat00005705&quot;,&quot;index&quot;:1,&quot;items&quot;:[]},{&quot;url&quot;:&quot;/art-spozywcze/dania-i-konserwy/Cat00005709&quot;,&quot;name&quot;:&quot;Zupy&quot;,&quot;catId&quot;:&quot;Cat00005709&quot;,&quot;index&quot;:2,&quot;items&quot;:[]},{&quot;url&quot;:&quot;/art-spozywcze/dania-i-konserwy/Cat00005716&quot;,&quot;name&quot;:&quot;Pozostałe dania gotowe&quot;,&quot;catId&quot;:&quot;Cat00005716&quot;,&quot;index&quot;:3,&quot;items&quot;:[]}]},{&quot;url&quot;:&quot;/art-spozywcze/przetwory-warzywne&quot;,&quot;name&quot;:&quot;Przetwory warzywne&quot;,&quot;catId&quot;:null,&quot;index&quot;:5,&quot;items&quot;:[{&quot;url&quot;:&quot;/art-spozywcze/przetwory-warzywne/Cat00005719&quot;,&quot;name&quot;:&quot;Warzywa konserwowe&quot;,&quot;catId&quot;:&quot;Cat00005719&quot;,&quot;index&quot;:0,&quot;items&quot;:[]},{&quot;url&quot;:&quot;/art-spozywcze/przetwory-warzywne/Cat00005731&quot;,&quot;name&quot;:&quot;Koncentrat i przecier pomidorowy&quot;,&quot;catId&quot;:&quot;Cat00005731&quot;,&quot;index&quot;:1,&quot;items&quot;:[]}]},{&quot;url&quot;:&quot;/art-spozywcze/przetwory-owocowe-miod&quot;,&quot;name&quot;:&quot;Przetwory owocowe, miód&quot;,&quot;catId&quot;:null,&quot;index&quot;:6,&quot;items&quot;:[{&quot;url&quot;:&quot;/art-spozywcze/przetwory-owocowe-miod/Cat00005734&quot;,&quot;name&quot;:&quot;Dżem, powidła, konfitury&quot;,&quot;catId&quot;:&quot;Cat00005734&quot;,&quot;index&quot;:0,&quot;items&quot;:[]},{&quot;url&quot;:&quot;/art-spozywcze/przetwory-owocowe-miod/Cat00005739&quot;,&quot;name&quot;:&quot;Miód&quot;,&quot;catId&quot;:&quot;Cat00005739&quot;,&quot;index&quot;:1,&quot;items&quot;:[]},{&quot;url&quot;:&quot;/art-spozywcze/przetwory-owocowe-miod/Cat00005741&quot;,&quot;name&quot;:&quot;Słodkie kremy&quot;,&quot;catId&quot;:&quot;Cat00005741&quot;,&quot;index&quot;:2,&quot;items&quot;:[]},{&quot;url&quot;:&quot;/art-spozywcze/przetwory-owocowe-miod/Cat00005743&quot;,&quot;name&quot;:&quot;Owoce w syropie&quot;,&quot;catId&quot;:&quot;Cat00005743&quot;,&quot;index&quot;:3,&quot;items&quot;:[]}]},{&quot;url&quot;:&quot;/art-spozywcze/desery-do-wypiekow&quot;,&quot;name&quot;:&quot;Desery, do wypieków&quot;,&quot;catId&quot;:null,&quot;index&quot;:7,&quot;items&quot;:[{&quot;url&quot;:&quot;/art-spozywcze/desery-do-wypiekow/Cat00005746&quot;,&quot;name&quot;:&quot;Desery w proszku&quot;,&quot;catId&quot;:&quot;Cat00005746&quot;,&quot;index&quot;:0,&quot;items&quot;:[]},{&quot;url&quot;:&quot;/art-spozywcze/desery-do-wypiekow/Cat00005751&quot;,&quot;name&quot;:&quot;Ciasto w proszku&quot;,&quot;catId&quot;:&quot;Cat00005751&quot;,&quot;index&quot;:1,&quot;items&quot;:[]},{&quot;url&quot;:&quot;/art-spozywcze/desery-do-wypiekow/Cat00005753&quot;,&quot;name&quot;:&quot;Spody i wafle&quot;,&quot;catId&quot;:&quot;Cat00005753&quot;,&quot;index&quot;:2,&quot;items&quot;:[]},{&quot;url&quot;:&quot;/art-spozywcze/desery-do-wypiekow/Cat00005755&quot;,&quot;name&quot;:&quot;Bakalie&quot;,&quot;catId&quot;:&quot;Cat00005755&quot;,&quot;index&quot;:3,&quot;items&quot;:[]},{&quot;url&quot;:&quot;/art-spozywcze/desery-do-wypiekow/Cat00005759&quot;,&quot;name&quot;:&quot;Dodatki cukiernicze&quot;,&quot;catId&quot;:&quot;Cat00005759&quot;,&quot;index&quot;:4,&quot;items&quot;:[]}]},{&quot;url&quot;:&quot;/art-spozywcze/slodycze&quot;,&quot;name&quot;:&quot;Słodycze&quot;,&quot;catId&quot;:null,&quot;index&quot;:8,&quot;items&quot;:[{&quot;url&quot;:&quot;/art-spozywcze/slodycze/Cat00005764&quot;,&quot;name&quot;:&quot;Czekolada&quot;,&quot;catId&quot;:&quot;Cat00005764&quot;,&quot;index&quot;:0,&quot;items&quot;:[]},{&quot;url&quot;:&quot;/art-spozywcze/slodycze/Cat00005768&quot;,&quot;name&quot;:&quot;Batoniki i wafelki&quot;,&quot;catId&quot;:&quot;Cat00005768&quot;,&quot;index&quot;:1,&quot;items&quot;:[]},{&quot;url&quot;:&quot;/art-spozywcze/slodycze/Cat00005772&quot;,&quot;name&quot;:&quot;Chałwa i sezamki&quot;,&quot;catId&quot;:&quot;Cat00005772&quot;,&quot;index&quot;:2,&quot;items&quot;:[]},{&quot;url&quot;:&quot;/art-spozywcze/slodycze/Cat00005774&quot;,&quot;name&quot;:&quot;Praliny, bombonierki, mleczka&quot;,&quot;catId&quot;:&quot;Cat00005774&quot;,&quot;index&quot;:3,&quot;items&quot;:[]},{&quot;url&quot;:&quot;/art-spozywcze/slodycze/Cat00005777&quot;,&quot;name&quot;:&quot;Cukierki, żelki, draże&quot;,&quot;catId&quot;:&quot;Cat00005777&quot;,&quot;index&quot;:4,&quot;items&quot;:[]},{&quot;url&quot;:&quot;/art-spozywcze/slodycze/Cat00005779&quot;,&quot;name&quot;:&quot;Gumy i dropsy&quot;,&quot;catId&quot;:&quot;Cat00005779&quot;,&quot;index&quot;:5,&quot;items&quot;:[]},{&quot;url&quot;:&quot;/art-spozywcze/slodycze/Cat00005781&quot;,&quot;name&quot;:&quot;Ciastka&quot;,&quot;catId&quot;:&quot;Cat00005781&quot;,&quot;index&quot;:6,&quot;items&quot;:[]},{&quot;url&quot;:&quot;/art-spozywcze/slodycze/Cat00005787&quot;,&quot;name&quot;:&quot;Wafle i pierniki&quot;,&quot;catId&quot;:&quot;Cat00005787&quot;,&quot;index&quot;:7,&quot;items&quot;:[]},{&quot;url&quot;:&quot;/art-spozywcze/slodycze/Cat00005791&quot;,&quot;name&quot;:&quot;Zestawy prezentowe&quot;,&quot;catId&quot;:&quot;Cat00005791&quot;,&quot;index&quot;:8,&quot;items&quot;:[]}]},{&quot;url&quot;:&quot;/art-spozywcze/slone-przekaski&quot;,&quot;name&quot;:&quot;Słone przekąski&quot;,&quot;catId&quot;:null,&quot;index&quot;:9,&quot;items&quot;:[{&quot;url&quot;:&quot;/art-spozywcze/slone-przekaski/Cat00005794&quot;,&quot;name&quot;:&quot;Chipsy&quot;,&quot;catId&quot;:&quot;Cat00005794&quot;,&quot;index&quot;:0,&quot;items&quot;:[]},{&quot;url&quot;:&quot;/art-spozywcze/slone-przekaski/Cat00005796&quot;,&quot;name&quot;:&quot;Orzeszki&quot;,&quot;catId&quot;:&quot;Cat00005796&quot;,&quot;index&quot;:1,&quot;items&quot;:[]},{&quot;url&quot;:&quot;/art-spozywcze/slone-przekaski/Cat00005798&quot;,&quot;name&quot;:&quot;Paluszki&quot;,&quot;catId&quot;:&quot;Cat00005798&quot;,&quot;index&quot;:2,&quot;items&quot;:[]},{&quot;url&quot;:&quot;/art-spozywcze/slone-przekaski/Cat00005800&quot;,&quot;name&quot;:&quot;Popcorn&quot;,&quot;catId&quot;:&quot;Cat00005800&quot;,&quot;index&quot;:3,&quot;items&quot;:[]},{&quot;url&quot;:&quot;/art-spozywcze/slone-przekaski/Cat00005802&quot;,&quot;name&quot;:&quot;Chrupki&quot;,&quot;catId&quot;:&quot;Cat00005802&quot;,&quot;index&quot;:4,&quot;items&quot;:[]},{&quot;url&quot;:&quot;/art-spozywcze/slone-przekaski/Cat00005804&quot;,&quot;name&quot;:&quot;Krakersy i pozostałe&quot;,&quot;catId&quot;:&quot;Cat00005804&quot;,&quot;index&quot;:5,&quot;items&quot;:[]}]},{&quot;url&quot;:&quot;/art-spozywcze/kawa-herbata-kakao&quot;,&quot;name&quot;:&quot;Kawa, herbata, kakao&quot;,&quot;catId&quot;:null,&quot;index&quot;:10,&quot;items&quot;:[{&quot;url&quot;:&quot;/art-spozywcze/kawa-herbata-kakao/Cat00005807&quot;,&quot;name&quot;:&quot;Kawa&quot;,&quot;catId&quot;:&quot;Cat00005807&quot;,&quot;index&quot;:0,&quot;items&quot;:[]},{&quot;url&quot;:&quot;/art-spozywcze/kawa-herbata-kakao/Cat00005812&quot;,&quot;name&quot;:&quot;Cappuccino, zbożowa i czekolada&quot;,&quot;catId&quot;:&quot;Cat00005812&quot;,&quot;index&quot;:1,&quot;items&quot;:[]},{&quot;url&quot;:&quot;/art-spozywcze/kawa-herbata-kakao/Cat00005816&quot;,&quot;name&quot;:&quot;Śmietanki i zabielacze&quot;,&quot;catId&quot;:&quot;Cat00005816&quot;,&quot;index&quot;:2,&quot;items&quot;:[]},{&quot;url&quot;:&quot;/art-spozywcze/kawa-herbata-kakao/Cat00005818&quot;,&quot;name&quot;:&quot;Herbata&quot;,&quot;catId&quot;:&quot;Cat00005818&quot;,&quot;index&quot;:3,&quot;items&quot;:[]},{&quot;url&quot;:&quot;/art-spozywcze/kawa-herbata-kakao/Cat00005825&quot;,&quot;name&quot;:&quot;Herbata owocowa i ziołowa&quot;,&quot;catId&quot;:&quot;Cat00005825&quot;,&quot;index&quot;:4,&quot;items&quot;:[]},{&quot;url&quot;:&quot;/art-spozywcze/kawa-herbata-kakao/Cat00005829&quot;,&quot;name&quot;:&quot;Kakao&quot;,&quot;catId&quot;:&quot;Cat00005829&quot;,&quot;index&quot;:5,&quot;items&quot;:[]}]},{&quot;url&quot;:&quot;/art-spozywcze/zdrowa-zywnosc&quot;,&quot;name&quot;:&quot;Zdrowa żywność&quot;,&quot;catId&quot;:null,&quot;index&quot;:11,&quot;items&quot;:[{&quot;url&quot;:&quot;/art-spozywcze/zdrowa-zywnosc/Cat00005832&quot;,&quot;name&quot;:&quot;Produkty BIO&quot;,&quot;catId&quot;:&quot;Cat00005832&quot;,&quot;index&quot;:0,&quot;items&quot;:[]},{&quot;url&quot;:&quot;/art-spozywcze/zdrowa-zywnosc/Cat00005837&quot;,&quot;name&quot;:&quot;Produkty bez cukru&quot;,&quot;catId&quot;:&quot;Cat00005837&quot;,&quot;index&quot;:1,&quot;items&quot;:[]},{&quot;url&quot;:&quot;/art-spozywcze/zdrowa-zywnosc/Cat00005840&quot;,&quot;name&quot;:&quot;Produkty bez glutenu&quot;,&quot;catId&quot;:&quot;Cat00005840&quot;,&quot;index&quot;:2,&quot;items&quot;:[]},{&quot;url&quot;:&quot;/art-spozywcze/zdrowa-zywnosc/Cat00005843&quot;,&quot;name&quot;:&quot;Produkty sojowe&quot;,&quot;catId&quot;:&quot;Cat00005843&quot;,&quot;index&quot;:3,&quot;items&quot;:[]},{&quot;url&quot;:&quot;/art-spozywcze/zdrowa-zywnosc/Cat00005845&quot;,&quot;name&quot;:&quot;Pieczywo chrupkie&quot;,&quot;catId&quot;:&quot;Cat00005845&quot;,&quot;index&quot;:4,&quot;items&quot;:[]},{&quot;url&quot;:&quot;/art-spozywcze/zdrowa-zywnosc/Cat00005847&quot;,&quot;name&quot;:&quot;Zdrowe napoje&quot;,&quot;catId&quot;:&quot;Cat00005847&quot;,&quot;index&quot;:5,&quot;items&quot;:[]},{&quot;url&quot;:&quot;/art-spozywcze/zdrowa-zywnosc/Cat00005849&quot;,&quot;name&quot;:&quot;Pozostałe&quot;,&quot;catId&quot;:&quot;Cat00005849&quot;,&quot;index&quot;:6,&quot;items&quot;:[]}]},{&quot;url&quot;:&quot;/art-spozywcze/kuchnie-swiata&quot;,&quot;name&quot;:&quot;Kuchnie świata&quot;,&quot;catId&quot;:null,&quot;index&quot;:12,&quot;items&quot;:[{&quot;url&quot;:&quot;/art-spozywcze/kuchnie-swiata/Cat00005856&quot;,&quot;name&quot;:&quot;Azjatycka&quot;,&quot;catId&quot;:&quot;Cat00005856&quot;,&quot;index&quot;:0,&quot;items&quot;:[]},{&quot;url&quot;:&quot;/art-spozywcze/kuchnie-swiata/Cat00005860&quot;,&quot;name&quot;:&quot;Meksykańska&quot;,&quot;catId&quot;:&quot;Cat00005860&quot;,&quot;index&quot;:1,&quot;items&quot;:[]},{&quot;url&quot;:&quot;/art-spozywcze/kuchnie-swiata/Cat00005862&quot;,&quot;name&quot;:&quot;Pozostałe kuchnie świata&quot;,&quot;catId&quot;:&quot;Cat00005862&quot;,&quot;index&quot;:2,&quot;items&quot;:[]}]}]},{&quot;url&quot;:&quot;/napoje&quot;,&quot;name&quot;:&quot;Napoje&quot;,&quot;catId&quot;:null,&quot;index&quot;:5,&quot;items&quot;:[{&quot;url&quot;:&quot;/napoje/woda-napoje-soki&quot;,&quot;name&quot;:&quot;Woda, napoje, soki&quot;,&quot;catId&quot;:null,&quot;index&quot;:0,&quot;items&quot;:[{&quot;url&quot;:&quot;/napoje/woda-napoje-soki/Cat00005866&quot;,&quot;name&quot;:&quot;Woda&quot;,&quot;catId&quot;:&quot;Cat00005866&quot;,&quot;index&quot;:0,&quot;items&quot;:[]},{&quot;url&quot;:&quot;/napoje/woda-napoje-soki/Cat00005873&quot;,&quot;name&quot;:&quot;Soki, nektary, napoje owocowe&quot;,&quot;catId&quot;:&quot;Cat00005873&quot;,&quot;index&quot;:1,&quot;items&quot;:[]},{&quot;url&quot;:&quot;/napoje/woda-napoje-soki/Cat00005879&quot;,&quot;name&quot;:&quot;Syropy&quot;,&quot;catId&quot;:&quot;Cat00005879&quot;,&quot;index&quot;:2,&quot;items&quot;:[]},{&quot;url&quot;:&quot;/napoje/woda-napoje-soki/Cat00005881&quot;,&quot;name&quot;:&quot;Napoje gazowane&quot;,&quot;catId&quot;:&quot;Cat00005881&quot;,&quot;index&quot;:3,&quot;items&quot;:[]},{&quot;url&quot;:&quot;/napoje/woda-napoje-soki/Cat00005889&quot;,&quot;name&quot;:&quot;Napoje niegazowane&quot;,&quot;catId&quot;:&quot;Cat00005889&quot;,&quot;index&quot;:4,&quot;items&quot;:[]},{&quot;url&quot;:&quot;/napoje/woda-napoje-soki/Cat00005891&quot;,&quot;name&quot;:&quot;Napoje energetyczne i izotoniczne&quot;,&quot;catId&quot;:&quot;Cat00005891&quot;,&quot;index&quot;:5,&quot;items&quot;:[]},{&quot;url&quot;:&quot;/napoje/woda-napoje-soki/Cat00005894&quot;,&quot;name&quot;:&quot;Soki świeże&quot;,&quot;catId&quot;:&quot;Cat00005894&quot;,&quot;index&quot;:6,&quot;items&quot;:[]}]}]},{&quot;url&quot;:&quot;/chemia-kosmetyki&quot;,&quot;name&quot;:&quot;Chemia, kosmetyki&quot;,&quot;catId&quot;:null,&quot;index&quot;:6,&quot;items&quot;:[{&quot;url&quot;:&quot;/chemia-kosmetyki/papiery-toaletowe-i-reczniki&quot;,&quot;name&quot;:&quot;Papiery toaletowe i ręczniki&quot;,&quot;catId&quot;:null,&quot;index&quot;:0,&quot;items&quot;:[{&quot;url&quot;:&quot;/chemia-kosmetyki/papiery-toaletowe-i-reczniki/Cat00005953&quot;,&quot;name&quot;:&quot;Papier toaletowy&quot;,&quot;catId&quot;:&quot;Cat00005953&quot;,&quot;index&quot;:0,&quot;items&quot;:[]},{&quot;url&quot;:&quot;/chemia-kosmetyki/papiery-toaletowe-i-reczniki/Cat00005955&quot;,&quot;name&quot;:&quot;Ręczniki papierowe&quot;,&quot;catId&quot;:&quot;Cat00005955&quot;,&quot;index&quot;:1,&quot;items&quot;:[]}]},{&quot;url&quot;:&quot;/chemia-kosmetyki/pranie&quot;,&quot;name&quot;:&quot;Pranie&quot;,&quot;catId&quot;:null,&quot;index&quot;:1,&quot;items&quot;:[{&quot;url&quot;:&quot;/chemia-kosmetyki/pranie/Cat00005958&quot;,&quot;name&quot;:&quot;Proszek&quot;,&quot;catId&quot;:&quot;Cat00005958&quot;,&quot;index&quot;:0,&quot;items&quot;:[]},{&quot;url&quot;:&quot;/chemia-kosmetyki/pranie/Cat00005961&quot;,&quot;name&quot;:&quot;Płyny, żele, kapsułki&quot;,&quot;catId&quot;:&quot;Cat00005961&quot;,&quot;index&quot;:1,&quot;items&quot;:[]},{&quot;url&quot;:&quot;/chemia-kosmetyki/pranie/Cat00005965&quot;,&quot;name&quot;:&quot;Do płukania tkanin&quot;,&quot;catId&quot;:&quot;Cat00005965&quot;,&quot;index&quot;:2,&quot;items&quot;:[]},{&quot;url&quot;:&quot;/chemia-kosmetyki/pranie/Cat00005968&quot;,&quot;name&quot;:&quot;Wybielacze i odplamiacze&quot;,&quot;catId&quot;:&quot;Cat00005968&quot;,&quot;index&quot;:3,&quot;items&quot;:[]},{&quot;url&quot;:&quot;/chemia-kosmetyki/pranie/Cat00005970&quot;,&quot;name&quot;:&quot;Odkamieniacze i dodatki do prania&quot;,&quot;catId&quot;:&quot;Cat00005970&quot;,&quot;index&quot;:4,&quot;items&quot;:[]}]},{&quot;url&quot;:&quot;/chemia-kosmetyki/zmywanie&quot;,&quot;name&quot;:&quot;Zmywanie&quot;,&quot;catId&quot;:null,&quot;index&quot;:2,&quot;items&quot;:[{&quot;url&quot;:&quot;/chemia-kosmetyki/zmywanie/Cat00005975&quot;,&quot;name&quot;:&quot;Do zmywarki&quot;,&quot;catId&quot;:&quot;Cat00005975&quot;,&quot;index&quot;:0,&quot;items&quot;:[]},{&quot;url&quot;:&quot;/chemia-kosmetyki/zmywanie/Cat00005977&quot;,&quot;name&quot;:&quot;Płyn do naczyń&quot;,&quot;catId&quot;:&quot;Cat00005977&quot;,&quot;index&quot;:1,&quot;items&quot;:[]},{&quot;url&quot;:&quot;/chemia-kosmetyki/zmywanie/Cat00005979&quot;,&quot;name&quot;:&quot;Gąbki, ścierki, myjki&quot;,&quot;catId&quot;:&quot;Cat00005979&quot;,&quot;index&quot;:2,&quot;items&quot;:[]}]},{&quot;url&quot;:&quot;/chemia-kosmetyki/sprzatanie&quot;,&quot;name&quot;:&quot;Sprzątanie&quot;,&quot;catId&quot;:null,&quot;index&quot;:3,&quot;items&quot;:[{&quot;url&quot;:&quot;/chemia-kosmetyki/sprzatanie/Cat00005984&quot;,&quot;name&quot;:&quot;Mleczka i płyny uniwersalne&quot;,&quot;catId&quot;:&quot;Cat00005984&quot;,&quot;index&quot;:0,&quot;items&quot;:[]},{&quot;url&quot;:&quot;/chemia-kosmetyki/sprzatanie/Cat00005987&quot;,&quot;name&quot;:&quot;Do szyb&quot;,&quot;catId&quot;:&quot;Cat00005987&quot;,&quot;index&quot;:1,&quot;items&quot;:[]},{&quot;url&quot;:&quot;/chemia-kosmetyki/sprzatanie/Cat00005989&quot;,&quot;name&quot;:&quot;Do podłóg, mebli, dywanów&quot;,&quot;catId&quot;:&quot;Cat00005989&quot;,&quot;index&quot;:2,&quot;items&quot;:[]},{&quot;url&quot;:&quot;/chemia-kosmetyki/sprzatanie/Cat00005994&quot;,&quot;name&quot;:&quot;Worki na śmieci&quot;,&quot;catId&quot;:&quot;Cat00005994&quot;,&quot;index&quot;:3,&quot;items&quot;:[]},{&quot;url&quot;:&quot;/chemia-kosmetyki/sprzatanie/Cat00005996&quot;,&quot;name&quot;:&quot;Rękawice gumowe&quot;,&quot;catId&quot;:&quot;Cat00005996&quot;,&quot;index&quot;:4,&quot;items&quot;:[]},{&quot;url&quot;:&quot;/chemia-kosmetyki/sprzatanie/Cat00005998&quot;,&quot;name&quot;:&quot;Środki owadobójcze&quot;,&quot;catId&quot;:&quot;Cat00005998&quot;,&quot;index&quot;:5,&quot;items&quot;:[]}]},{&quot;url&quot;:&quot;/chemia-kosmetyki/wc&quot;,&quot;name&quot;:&quot;WC&quot;,&quot;catId&quot;:null,&quot;index&quot;:4,&quot;items&quot;:[{&quot;url&quot;:&quot;/chemia-kosmetyki/wc/Cat00006003&quot;,&quot;name&quot;:&quot;Dezynfekcja i udrożnianie&quot;,&quot;catId&quot;:&quot;Cat00006003&quot;,&quot;index&quot;:0,&quot;items&quot;:[]},{&quot;url&quot;:&quot;/chemia-kosmetyki/wc/Cat00006005&quot;,&quot;name&quot;:&quot;Kostki do toalety&quot;,&quot;catId&quot;:&quot;Cat00006005&quot;,&quot;index&quot;:1,&quot;items&quot;:[]},{&quot;url&quot;:&quot;/chemia-kosmetyki/wc/Cat00006007&quot;,&quot;name&quot;:&quot;Odświeżacze powietrza&quot;,&quot;catId&quot;:&quot;Cat00006007&quot;,&quot;index&quot;:2,&quot;items&quot;:[]}]},{&quot;url&quot;:&quot;/chemia-kosmetyki/do-wlosow&quot;,&quot;name&quot;:&quot;Do włosów&quot;,&quot;catId&quot;:null,&quot;index&quot;:5,&quot;items&quot;:[{&quot;url&quot;:&quot;/chemia-kosmetyki/do-wlosow/Cat00006010&quot;,&quot;name&quot;:&quot;Szampony&quot;,&quot;catId&quot;:&quot;Cat00006010&quot;,&quot;index&quot;:0,&quot;items&quot;:[]},{&quot;url&quot;:&quot;/chemia-kosmetyki/do-wlosow/Cat00006014&quot;,&quot;name&quot;:&quot;Odżywki&quot;,&quot;catId&quot;:&quot;Cat00006014&quot;,&quot;index&quot;:1,&quot;items&quot;:[]},{&quot;url&quot;:&quot;/chemia-kosmetyki/do-wlosow/Cat00006018&quot;,&quot;name&quot;:&quot;Koloryzacja włosów&quot;,&quot;catId&quot;:&quot;Cat00006018&quot;,&quot;index&quot;:2,&quot;items&quot;:[]},{&quot;url&quot;:&quot;/chemia-kosmetyki/do-wlosow/Cat00006021&quot;,&quot;name&quot;:&quot;Lakiery&quot;,&quot;catId&quot;:&quot;Cat00006021&quot;,&quot;index&quot;:3,&quot;items&quot;:[]},{&quot;url&quot;:&quot;/chemia-kosmetyki/do-wlosow/Cat00006023&quot;,&quot;name&quot;:&quot;Pianki i żele&quot;,&quot;catId&quot;:&quot;Cat00006023&quot;,&quot;index&quot;:4,&quot;items&quot;:[]}]},{&quot;url&quot;:&quot;/chemia-kosmetyki/do-zebow&quot;,&quot;name&quot;:&quot;Do zębów&quot;,&quot;catId&quot;:null,&quot;index&quot;:6,&quot;items&quot;:[{&quot;url&quot;:&quot;/chemia-kosmetyki/do-zebow/Cat00006030&quot;,&quot;name&quot;:&quot;Pasty&quot;,&quot;catId&quot;:&quot;Cat00006030&quot;,&quot;index&quot;:0,&quot;items&quot;:[]},{&quot;url&quot;:&quot;/chemia-kosmetyki/do-zebow/Cat00006033&quot;,&quot;name&quot;:&quot;Szczoteczki&quot;,&quot;catId&quot;:&quot;Cat00006033&quot;,&quot;index&quot;:1,&quot;items&quot;:[]},{&quot;url&quot;:&quot;/chemia-kosmetyki/do-zebow/Cat00006035&quot;,&quot;name&quot;:&quot;Płyny do płukania ust&quot;,&quot;catId&quot;:&quot;Cat00006035&quot;,&quot;index&quot;:2,&quot;items&quot;:[]},{&quot;url&quot;:&quot;/chemia-kosmetyki/do-zebow/Cat00006037&quot;,&quot;name&quot;:&quot;Nici i akcesoria dentystyczne&quot;,&quot;catId&quot;:&quot;Cat00006037&quot;,&quot;index&quot;:3,&quot;items&quot;:[]},{&quot;url&quot;:&quot;/chemia-kosmetyki/do-zebow/Cat00006039&quot;,&quot;name&quot;:&quot;Dla dzieci&quot;,&quot;catId&quot;:&quot;Cat00006039&quot;,&quot;index&quot;:4,&quot;items&quot;:[]}]},{&quot;url&quot;:&quot;/chemia-kosmetyki/pielegnacja-twarzy-i-ciala&quot;,&quot;name&quot;:&quot;Pielęgnacja twarzy i ciała&quot;,&quot;catId&quot;:null,&quot;index&quot;:7,&quot;items&quot;:[{&quot;url&quot;:&quot;/chemia-kosmetyki/pielegnacja-twarzy-i-ciala/Cat00006042&quot;,&quot;name&quot;:&quot;Do twarzy&quot;,&quot;catId&quot;:&quot;Cat00006042&quot;,&quot;index&quot;:0,&quot;items&quot;:[]},{&quot;url&quot;:&quot;/chemia-kosmetyki/pielegnacja-twarzy-i-ciala/Cat00006047&quot;,&quot;name&quot;:&quot;Skóra wrażliwa&quot;,&quot;catId&quot;:&quot;Cat00006047&quot;,&quot;index&quot;:1,&quot;items&quot;:[]},{&quot;url&quot;:&quot;/chemia-kosmetyki/pielegnacja-twarzy-i-ciala/Cat00006050&quot;,&quot;name&quot;:&quot;Do ust&quot;,&quot;catId&quot;:&quot;Cat00006050&quot;,&quot;index&quot;:2,&quot;items&quot;:[]},{&quot;url&quot;:&quot;/chemia-kosmetyki/pielegnacja-twarzy-i-ciala/Cat00006052&quot;,&quot;name&quot;:&quot;Do ciała&quot;,&quot;catId&quot;:&quot;Cat00006052&quot;,&quot;index&quot;:3,&quot;items&quot;:[]},{&quot;url&quot;:&quot;/chemia-kosmetyki/pielegnacja-twarzy-i-ciala/Cat00006055&quot;,&quot;name&quot;:&quot;Do rąk i paznokci&quot;,&quot;catId&quot;:&quot;Cat00006055&quot;,&quot;index&quot;:4,&quot;items&quot;:[]},{&quot;url&quot;:&quot;/chemia-kosmetyki/pielegnacja-twarzy-i-ciala/Cat00006058&quot;,&quot;name&quot;:&quot;Do stóp&quot;,&quot;catId&quot;:&quot;Cat00006058&quot;,&quot;index&quot;:5,&quot;items&quot;:[]},{&quot;url&quot;:&quot;/chemia-kosmetyki/pielegnacja-twarzy-i-ciala/Cat00006060&quot;,&quot;name&quot;:&quot;Kosmetyki do opalania&quot;,&quot;catId&quot;:&quot;Cat00006060&quot;,&quot;index&quot;:6,&quot;items&quot;:[]},{&quot;url&quot;:&quot;/chemia-kosmetyki/pielegnacja-twarzy-i-ciala/Cat00006063&quot;,&quot;name&quot;:&quot;Kosmetyki na podróż&quot;,&quot;catId&quot;:&quot;Cat00006063&quot;,&quot;index&quot;:7,&quot;items&quot;:[]}]},{&quot;url&quot;:&quot;/chemia-kosmetyki/chusteczki-wata-akcesoria&quot;,&quot;name&quot;:&quot;Chusteczki, wata, akcesoria&quot;,&quot;catId&quot;:null,&quot;index&quot;:8,&quot;items&quot;:[{&quot;url&quot;:&quot;/chemia-kosmetyki/chusteczki-wata-akcesoria/Cat00006066&quot;,&quot;name&quot;:&quot;Chusteczki&quot;,&quot;catId&quot;:&quot;Cat00006066&quot;,&quot;index&quot;:0,&quot;items&quot;:[]},{&quot;url&quot;:&quot;/chemia-kosmetyki/chusteczki-wata-akcesoria/Cat00006068&quot;,&quot;name&quot;:&quot;Wata, płatki, patyczki&quot;,&quot;catId&quot;:&quot;Cat00006068&quot;,&quot;index&quot;:1,&quot;items&quot;:[]},{&quot;url&quot;:&quot;/chemia-kosmetyki/chusteczki-wata-akcesoria/Cat00006070&quot;,&quot;name&quot;:&quot;Akcesoria kosmetyczne&quot;,&quot;catId&quot;:&quot;Cat00006070&quot;,&quot;index&quot;:2,&quot;items&quot;:[]}]},{&quot;url&quot;:&quot;/chemia-kosmetyki/mydlo-do-kapieli&quot;,&quot;name&quot;:&quot;Mydło, do kąpieli&quot;,&quot;catId&quot;:null,&quot;index&quot;:9,&quot;items&quot;:[{&quot;url&quot;:&quot;/chemia-kosmetyki/mydlo-do-kapieli/Cat00006076&quot;,&quot;name&quot;:&quot;Żel pod prysznic&quot;,&quot;catId&quot;:&quot;Cat00006076&quot;,&quot;index&quot;:0,&quot;items&quot;:[]},{&quot;url&quot;:&quot;/chemia-kosmetyki/mydlo-do-kapieli/Cat00006079&quot;,&quot;name&quot;:&quot;Mydło w płynie&quot;,&quot;catId&quot;:&quot;Cat00006079&quot;,&quot;index&quot;:1,&quot;items&quot;:[]},{&quot;url&quot;:&quot;/chemia-kosmetyki/mydlo-do-kapieli/Cat00006081&quot;,&quot;name&quot;:&quot;Mydło w kostce&quot;,&quot;catId&quot;:&quot;Cat00006081&quot;,&quot;index&quot;:2,&quot;items&quot;:[]},{&quot;url&quot;:&quot;/chemia-kosmetyki/mydlo-do-kapieli/Cat00006084&quot;,&quot;name&quot;:&quot;Płyny, sole, olejki&quot;,&quot;catId&quot;:&quot;Cat00006084&quot;,&quot;index&quot;:3,&quot;items&quot;:[]},{&quot;url&quot;:&quot;/chemia-kosmetyki/mydlo-do-kapieli/Cat00006086&quot;,&quot;name&quot;:&quot;Kąpiel dzieci&quot;,&quot;catId&quot;:&quot;Cat00006086&quot;,&quot;index&quot;:4,&quot;items&quot;:[]},{&quot;url&quot;:&quot;/chemia-kosmetyki/mydlo-do-kapieli/Cat00006088&quot;,&quot;name&quot;:&quot;Gąbki i akcesoria&quot;,&quot;catId&quot;:&quot;Cat00006088&quot;,&quot;index&quot;:5,&quot;items&quot;:[]}]},{&quot;url&quot;:&quot;/chemia-kosmetyki/golenie-depilacja&quot;,&quot;name&quot;:&quot;Golenie, depilacja&quot;,&quot;catId&quot;:null,&quot;index&quot;:10,&quot;items&quot;:[{&quot;url&quot;:&quot;/chemia-kosmetyki/golenie-depilacja/Cat00006091&quot;,&quot;name&quot;:&quot;Maszynki i wkłady&quot;,&quot;catId&quot;:&quot;Cat00006091&quot;,&quot;index&quot;:0,&quot;items&quot;:[]},{&quot;url&quot;:&quot;/chemia-kosmetyki/golenie-depilacja/Cat00006093&quot;,&quot;name&quot;:&quot;Pianki, żele, kremy&quot;,&quot;catId&quot;:&quot;Cat00006093&quot;,&quot;index&quot;:1,&quot;items&quot;:[]},{&quot;url&quot;:&quot;/chemia-kosmetyki/golenie-depilacja/Cat00006095&quot;,&quot;name&quot;:&quot;Po goleniu&quot;,&quot;catId&quot;:&quot;Cat00006095&quot;,&quot;index&quot;:2,&quot;items&quot;:[]},{&quot;url&quot;:&quot;/chemia-kosmetyki/golenie-depilacja/Cat00006097&quot;,&quot;name&quot;:&quot;Depilacja&quot;,&quot;catId&quot;:&quot;Cat00006097&quot;,&quot;index&quot;:3,&quot;items&quot;:[]}]},{&quot;url&quot;:&quot;/chemia-kosmetyki/higiena-intymna&quot;,&quot;name&quot;:&quot;Higiena intymna&quot;,&quot;catId&quot;:null,&quot;index&quot;:11,&quot;items&quot;:[{&quot;url&quot;:&quot;/chemia-kosmetyki/higiena-intymna/Cat00006101&quot;,&quot;name&quot;:&quot;Podpaski&quot;,&quot;catId&quot;:&quot;Cat00006101&quot;,&quot;index&quot;:0,&quot;items&quot;:[]},{&quot;url&quot;:&quot;/chemia-kosmetyki/higiena-intymna/Cat00006103&quot;,&quot;name&quot;:&quot;Wkładki&quot;,&quot;catId&quot;:&quot;Cat00006103&quot;,&quot;index&quot;:1,&quot;items&quot;:[]},{&quot;url&quot;:&quot;/chemia-kosmetyki/higiena-intymna/Cat00006105&quot;,&quot;name&quot;:&quot;Tampony&quot;,&quot;catId&quot;:&quot;Cat00006105&quot;,&quot;index&quot;:2,&quot;items&quot;:[]},{&quot;url&quot;:&quot;/chemia-kosmetyki/higiena-intymna/Cat00006107&quot;,&quot;name&quot;:&quot;Płyny i chusteczki&quot;,&quot;catId&quot;:&quot;Cat00006107&quot;,&quot;index&quot;:3,&quot;items&quot;:[]}]},{&quot;url&quot;:&quot;/chemia-kosmetyki/dezodoranty-i-wody&quot;,&quot;name&quot;:&quot;Dezodoranty i wody&quot;,&quot;catId&quot;:null,&quot;index&quot;:12,&quot;items&quot;:[{&quot;url&quot;:&quot;/chemia-kosmetyki/dezodoranty-i-wody/Cat00006110&quot;,&quot;name&quot;:&quot;Deo. męskie spray&quot;,&quot;catId&quot;:&quot;Cat00006110&quot;,&quot;index&quot;:0,&quot;items&quot;:[]},{&quot;url&quot;:&quot;/chemia-kosmetyki/dezodoranty-i-wody/Cat00006112&quot;,&quot;name&quot;:&quot;Deo. męskie sztyft i kulka&quot;,&quot;catId&quot;:&quot;Cat00006112&quot;,&quot;index&quot;:1,&quot;items&quot;:[]},{&quot;url&quot;:&quot;/chemia-kosmetyki/dezodoranty-i-wody/Cat00006114&quot;,&quot;name&quot;:&quot;Deo. damskie spray&quot;,&quot;catId&quot;:&quot;Cat00006114&quot;,&quot;index&quot;:2,&quot;items&quot;:[]},{&quot;url&quot;:&quot;/chemia-kosmetyki/dezodoranty-i-wody/Cat00006116&quot;,&quot;name&quot;:&quot;Deo. damskie sztyft i kulka&quot;,&quot;catId&quot;:&quot;Cat00006116&quot;,&quot;index&quot;:3,&quot;items&quot;:[]},{&quot;url&quot;:&quot;/chemia-kosmetyki/dezodoranty-i-wody/Cat00006118&quot;,&quot;name&quot;:&quot;Wody męskie&quot;,&quot;catId&quot;:&quot;Cat00006118&quot;,&quot;index&quot;:4,&quot;items&quot;:[]},{&quot;url&quot;:&quot;/chemia-kosmetyki/dezodoranty-i-wody/Cat00006120&quot;,&quot;name&quot;:&quot;Wody damskie&quot;,&quot;catId&quot;:&quot;Cat00006120&quot;,&quot;index&quot;:5,&quot;items&quot;:[]}]},{&quot;url&quot;:&quot;/chemia-kosmetyki/polka-zdrowia&quot;,&quot;name&quot;:&quot;Półka zdrowia&quot;,&quot;catId&quot;:null,&quot;index&quot;:13,&quot;items&quot;:[{&quot;url&quot;:&quot;/chemia-kosmetyki/polka-zdrowia/Cat00006125&quot;,&quot;name&quot;:&quot;Prezerwatywy, żele, akcesoria&quot;,&quot;catId&quot;:&quot;Cat00006125&quot;,&quot;index&quot;:0,&quot;items&quot;:[]},{&quot;url&quot;:&quot;/chemia-kosmetyki/polka-zdrowia/Cat00006127&quot;,&quot;name&quot;:&quot;Parafarmaceutyki&quot;,&quot;catId&quot;:&quot;Cat00006127&quot;,&quot;index&quot;:1,&quot;items&quot;:[]},{&quot;url&quot;:&quot;/chemia-kosmetyki/polka-zdrowia/Cat00006129&quot;,&quot;name&quot;:&quot;Opatrunki i testy ciążowe&quot;,&quot;catId&quot;:&quot;Cat00006129&quot;,&quot;index&quot;:2,&quot;items&quot;:[]}]}]},{&quot;url&quot;:&quot;/dla-dzieci&quot;,&quot;name&quot;:&quot;Dla dzieci&quot;,&quot;catId&quot;:null,&quot;index&quot;:7,&quot;items&quot;:[{&quot;url&quot;:&quot;/dla-dzieci/pieluchy-i-pielegnacja&quot;,&quot;name&quot;:&quot;Pieluchy i pielęgnacja&quot;,&quot;catId&quot;:null,&quot;index&quot;:0,&quot;items&quot;:[{&quot;url&quot;:&quot;/dla-dzieci/pieluchy-i-pielegnacja/Cat00006133&quot;,&quot;name&quot;:&quot;Pieluchy&quot;,&quot;catId&quot;:&quot;Cat00006133&quot;,&quot;index&quot;:0,&quot;items&quot;:[]},{&quot;url&quot;:&quot;/dla-dzieci/pieluchy-i-pielegnacja/Cat00006136&quot;,&quot;name&quot;:&quot;Chusteczki&quot;,&quot;catId&quot;:&quot;Cat00006136&quot;,&quot;index&quot;:1,&quot;items&quot;:[]},{&quot;url&quot;:&quot;/dla-dzieci/pieluchy-i-pielegnacja/Cat00006138&quot;,&quot;name&quot;:&quot;Proszki i płyny&quot;,&quot;catId&quot;:&quot;Cat00006138&quot;,&quot;index&quot;:2,&quot;items&quot;:[]},{&quot;url&quot;:&quot;/dla-dzieci/pieluchy-i-pielegnacja/Cat00006140&quot;,&quot;name&quot;:&quot;Kosmetyki i pielęgnacja&quot;,&quot;catId&quot;:&quot;Cat00006140&quot;,&quot;index&quot;:3,&quot;items&quot;:[]},{&quot;url&quot;:&quot;/dla-dzieci/pieluchy-i-pielegnacja/Cat00006143&quot;,&quot;name&quot;:&quot;Akcesoria do pielęgnacji i kąpieli&quot;,&quot;catId&quot;:&quot;Cat00006143&quot;,&quot;index&quot;:4,&quot;items&quot;:[]}]},{&quot;url&quot;:&quot;/dla-dzieci/zywnosc-dla-dzieci&quot;,&quot;name&quot;:&quot;Żywność dla dzieci&quot;,&quot;catId&quot;:null,&quot;index&quot;:1,&quot;items&quot;:[{&quot;url&quot;:&quot;/dla-dzieci/zywnosc-dla-dzieci/Cat00006147&quot;,&quot;name&quot;:&quot;Mleko modyfikowane, kaszki, płatki&quot;,&quot;catId&quot;:&quot;Cat00006147&quot;,&quot;index&quot;:0,&quot;items&quot;:[]},{&quot;url&quot;:&quot;/dla-dzieci/zywnosc-dla-dzieci/Cat00006150&quot;,&quot;name&quot;:&quot;Zupki i obiadki&quot;,&quot;catId&quot;:&quot;Cat00006150&quot;,&quot;index&quot;:1,&quot;items&quot;:[]},{&quot;url&quot;:&quot;/dla-dzieci/zywnosc-dla-dzieci/Cat00006152&quot;,&quot;name&quot;:&quot;Deserki, ciasteczka, jogurty&quot;,&quot;catId&quot;:&quot;Cat00006152&quot;,&quot;index&quot;:2,&quot;items&quot;:[]},{&quot;url&quot;:&quot;/dla-dzieci/zywnosc-dla-dzieci/Cat00006155&quot;,&quot;name&quot;:&quot;Soki, nektary, napoje&quot;,&quot;catId&quot;:&quot;Cat00006155&quot;,&quot;index&quot;:3,&quot;items&quot;:[]},{&quot;url&quot;:&quot;/dla-dzieci/zywnosc-dla-dzieci/Cat00006157&quot;,&quot;name&quot;:&quot;Herbatki&quot;,&quot;catId&quot;:&quot;Cat00006157&quot;,&quot;index&quot;:4,&quot;items&quot;:[]},{&quot;url&quot;:&quot;/dla-dzieci/zywnosc-dla-dzieci/Cat00006159&quot;,&quot;name&quot;:&quot;Akcesoria do karmienia&quot;,&quot;catId&quot;:&quot;Cat00006159&quot;,&quot;index&quot;:5,&quot;items&quot;:[]}]},{&quot;url&quot;:&quot;/dla-dzieci/akcesoria-dla-mam&quot;,&quot;name&quot;:&quot;Akcesoria dla mam&quot;,&quot;catId&quot;:null,&quot;index&quot;:2,&quot;items&quot;:[{&quot;url&quot;:&quot;/dla-dzieci/akcesoria-dla-mam/Cat00006168&quot;,&quot;name&quot;:&quot;Akcesoria dla mam&quot;,&quot;catId&quot;:&quot;Cat00006168&quot;,&quot;index&quot;:0,&quot;items&quot;:[]}]},{&quot;url&quot;:&quot;/dla-dzieci/zabawki&quot;,&quot;name&quot;:&quot;Zabawki&quot;,&quot;catId&quot;:null,&quot;index&quot;:3,&quot;items&quot;:[{&quot;url&quot;:&quot;/dla-dzieci/zabawki/Cat00006173&quot;,&quot;name&quot;:&quot;Zabawki dla dzieci&quot;,&quot;catId&quot;:&quot;Cat00006173&quot;,&quot;index&quot;:0,&quot;items&quot;:[]},{&quot;url&quot;:&quot;/dla-dzieci/zabawki/Cat00006183&quot;,&quot;name&quot;:&quot;LEGO&quot;,&quot;catId&quot;:&quot;Cat00006183&quot;,&quot;index&quot;:1,&quot;items&quot;:[]},{&quot;url&quot;:&quot;/dla-dzieci/zabawki/Cat00006201&quot;,&quot;name&quot;:&quot;Zabawki i akcesoria dla niemowląt&quot;,&quot;catId&quot;:&quot;Cat00006201&quot;,&quot;index&quot;:2,&quot;items&quot;:[]}]}]},{&quot;url&quot;:&quot;/dla-zwierzat&quot;,&quot;name&quot;:&quot;Dla zwierząt&quot;,&quot;catId&quot;:null,&quot;index&quot;:8,&quot;items&quot;:[{&quot;url&quot;:&quot;/dla-zwierzat/dla-kota&quot;,&quot;name&quot;:&quot;Dla kota&quot;,&quot;catId&quot;:null,&quot;index&quot;:0,&quot;items&quot;:[{&quot;url&quot;:&quot;/dla-zwierzat/dla-kota/Cat00006206&quot;,&quot;name&quot;:&quot;Karma mokra&quot;,&quot;catId&quot;:&quot;Cat00006206&quot;,&quot;index&quot;:0,&quot;items&quot;:[]},{&quot;url&quot;:&quot;/dla-zwierzat/dla-kota/Cat00006208&quot;,&quot;name&quot;:&quot;Karma sucha&quot;,&quot;catId&quot;:&quot;Cat00006208&quot;,&quot;index&quot;:1,&quot;items&quot;:[]},{&quot;url&quot;:&quot;/dla-zwierzat/dla-kota/Cat00006210&quot;,&quot;name&quot;:&quot;Przekąski&quot;,&quot;catId&quot;:&quot;Cat00006210&quot;,&quot;index&quot;:2,&quot;items&quot;:[]},{&quot;url&quot;:&quot;/dla-zwierzat/dla-kota/Cat00006212&quot;,&quot;name&quot;:&quot;Karma dla kociąt&quot;,&quot;catId&quot;:&quot;Cat00006212&quot;,&quot;index&quot;:3,&quot;items&quot;:[]},{&quot;url&quot;:&quot;/dla-zwierzat/dla-kota/Cat00006214&quot;,&quot;name&quot;:&quot;Żwirek, zabawki, akcesoria&quot;,&quot;catId&quot;:&quot;Cat00006214&quot;,&quot;index&quot;:4,&quot;items&quot;:[]}]},{&quot;url&quot;:&quot;/dla-zwierzat/dla-psa&quot;,&quot;name&quot;:&quot;Dla psa&quot;,&quot;catId&quot;:null,&quot;index&quot;:1,&quot;items&quot;:[{&quot;url&quot;:&quot;/dla-zwierzat/dla-psa/Cat00006217&quot;,&quot;name&quot;:&quot;Karma mokra&quot;,&quot;catId&quot;:&quot;Cat00006217&quot;,&quot;index&quot;:0,&quot;items&quot;:[]},{&quot;url&quot;:&quot;/dla-zwierzat/dla-psa/Cat00006219&quot;,&quot;name&quot;:&quot;Karma sucha&quot;,&quot;catId&quot;:&quot;Cat00006219&quot;,&quot;index&quot;:1,&quot;items&quot;:[]},{&quot;url&quot;:&quot;/dla-zwierzat/dla-psa/Cat00006221&quot;,&quot;name&quot;:&quot;Przekąski&quot;,&quot;catId&quot;:&quot;Cat00006221&quot;,&quot;index&quot;:2,&quot;items&quot;:[]},{&quot;url&quot;:&quot;/dla-zwierzat/dla-psa/Cat00006223&quot;,&quot;name&quot;:&quot;Karma dla szczeniąt&quot;,&quot;catId&quot;:&quot;Cat00006223&quot;,&quot;index&quot;:3,&quot;items&quot;:[]},{&quot;url&quot;:&quot;/dla-zwierzat/dla-psa/Cat00006225&quot;,&quot;name&quot;:&quot;Akcesoria dla psa&quot;,&quot;catId&quot;:&quot;Cat00006225&quot;,&quot;index&quot;:4,&quot;items&quot;:[]}]},{&quot;url&quot;:&quot;/dla-zwierzat/dla-pozostalych-zwierzat&quot;,&quot;name&quot;:&quot;Dla pozostałych zwierząt&quot;,&quot;catId&quot;:null,&quot;index&quot;:2,&quot;items&quot;:[{&quot;url&quot;:&quot;/dla-zwierzat/dla-pozostalych-zwierzat/Cat00006228&quot;,&quot;name&quot;:&quot;Dla gryzoni&quot;,&quot;catId&quot;:&quot;Cat00006228&quot;,&quot;index&quot;:0,&quot;items&quot;:[]},{&quot;url&quot;:&quot;/dla-zwierzat/dla-pozostalych-zwierzat/Cat00006230&quot;,&quot;name&quot;:&quot;Dla rybek&quot;,&quot;catId&quot;:&quot;Cat00006230&quot;,&quot;index&quot;:1,&quot;items&quot;:[]},{&quot;url&quot;:&quot;/dla-zwierzat/dla-pozostalych-zwierzat/Cat00006232&quot;,&quot;name&quot;:&quot;Dla ptaków&quot;,&quot;catId&quot;:&quot;Cat00006232&quot;,&quot;index&quot;:2,&quot;items&quot;:[]}]}]},{&quot;url&quot;:&quot;/art-przemyslowe&quot;,&quot;name&quot;:&quot;Art. przemysłowe&quot;,&quot;catId&quot;:null,&quot;index&quot;:9,&quot;items&quot;:[{&quot;url&quot;:&quot;/art-przemyslowe/kuchnia-lazienka-sypialnia&quot;,&quot;name&quot;:&quot;Kuchnia, łazienka, sypialnia&quot;,&quot;catId&quot;:null,&quot;index&quot;:0,&quot;items&quot;:[{&quot;url&quot;:&quot;/art-przemyslowe/kuchnia-lazienka-sypialnia/Cat00006236&quot;,&quot;name&quot;:&quot;Folie do żywności&quot;,&quot;catId&quot;:&quot;Cat00006236&quot;,&quot;index&quot;:0,&quot;items&quot;:[]},{&quot;url&quot;:&quot;/art-przemyslowe/kuchnia-lazienka-sypialnia/Cat00006239&quot;,&quot;name&quot;:&quot;Papier, worki, pieczenie&quot;,&quot;catId&quot;:&quot;Cat00006239&quot;,&quot;index&quot;:1,&quot;items&quot;:[]},{&quot;url&quot;:&quot;/art-przemyslowe/kuchnia-lazienka-sypialnia/Cat00006244&quot;,&quot;name&quot;:&quot;Filtry i dzbanki&quot;,&quot;catId&quot;:&quot;Cat00006244&quot;,&quot;index&quot;:2,&quot;items&quot;:[]},{&quot;url&quot;:&quot;/art-przemyslowe/kuchnia-lazienka-sypialnia/Cat00006247&quot;,&quot;name&quot;:&quot;Pieczenie i gotowanie&quot;,&quot;catId&quot;:&quot;Cat00006247&quot;,&quot;index&quot;:3,&quot;items&quot;:[]},{&quot;url&quot;:&quot;/art-przemyslowe/kuchnia-lazienka-sypialnia/Cat00006250&quot;,&quot;name&quot;:&quot;Naczynia i sztućce&quot;,&quot;catId&quot;:&quot;Cat00006250&quot;,&quot;index&quot;:4,&quot;items&quot;:[]},{&quot;url&quot;:&quot;/art-przemyslowe/kuchnia-lazienka-sypialnia/Cat00006254&quot;,&quot;name&quot;:&quot;Serwetki, naczynia i sztućce jednorazowe&quot;,&quot;catId&quot;:&quot;Cat00006254&quot;,&quot;index&quot;:5,&quot;items&quot;:[]},{&quot;url&quot;:&quot;/art-przemyslowe/kuchnia-lazienka-sypialnia/Cat00006256&quot;,&quot;name&quot;:&quot;Pojemniki do żywności&quot;,&quot;catId&quot;:&quot;Cat00006256&quot;,&quot;index&quot;:6,&quot;items&quot;:[]},{&quot;url&quot;:&quot;/art-przemyslowe/kuchnia-lazienka-sypialnia/Cat00006258&quot;,&quot;name&quot;:&quot;Akcesoria kuchenne&quot;,&quot;catId&quot;:&quot;Cat00006258&quot;,&quot;index&quot;:7,&quot;items&quot;:[]},{&quot;url&quot;:&quot;/art-przemyslowe/kuchnia-lazienka-sypialnia/Cat00006261&quot;,&quot;name&quot;:&quot;Tekstylia kuchenne&quot;,&quot;catId&quot;:&quot;Cat00006261&quot;,&quot;index&quot;:8,&quot;items&quot;:[]},{&quot;url&quot;:&quot;/art-przemyslowe/kuchnia-lazienka-sypialnia/Cat00006263&quot;,&quot;name&quot;:&quot;Zapasy do mopów, szczotki&quot;,&quot;catId&quot;:&quot;Cat00006263&quot;,&quot;index&quot;:9,&quot;items&quot;:[]},{&quot;url&quot;:&quot;/art-przemyslowe/kuchnia-lazienka-sypialnia/Cat00006265&quot;,&quot;name&quot;:&quot;Łazienka&quot;,&quot;catId&quot;:&quot;Cat00006265&quot;,&quot;index&quot;:10,&quot;items&quot;:[]},{&quot;url&quot;:&quot;/art-przemyslowe/kuchnia-lazienka-sypialnia/Cat00006268&quot;,&quot;name&quot;:&quot;Sypialnia&quot;,&quot;catId&quot;:&quot;Cat00006268&quot;,&quot;index&quot;:11,&quot;items&quot;:[]},{&quot;url&quot;:&quot;/art-przemyslowe/kuchnia-lazienka-sypialnia/Cat00006271&quot;,&quot;name&quot;:&quot;Dekoracje&quot;,&quot;catId&quot;:&quot;Cat00006271&quot;,&quot;index&quot;:12,&quot;items&quot;:[]}]},{&quot;url&quot;:&quot;/art-przemyslowe/kiosk&quot;,&quot;name&quot;:&quot;Kiosk&quot;,&quot;catId&quot;:null,&quot;index&quot;:1,&quot;items&quot;:[{&quot;url&quot;:&quot;/art-przemyslowe/kiosk/Cat00006279&quot;,&quot;name&quot;:&quot;Akcesoria dla palących&quot;,&quot;catId&quot;:&quot;Cat00006279&quot;,&quot;index&quot;:0,&quot;items&quot;:[]},{&quot;url&quot;:&quot;/art-przemyslowe/kiosk/Cat00006281&quot;,&quot;name&quot;:&quot;Akcesoria obuwnicze&quot;,&quot;catId&quot;:&quot;Cat00006281&quot;,&quot;index&quot;:1,&quot;items&quot;:[]},{&quot;url&quot;:&quot;/art-przemyslowe/kiosk/Cat00006286&quot;,&quot;name&quot;:&quot;Pakowanie prezentów&quot;,&quot;catId&quot;:&quot;Cat00006286&quot;,&quot;index&quot;:2,&quot;items&quot;:[]},{&quot;url&quot;:&quot;/art-przemyslowe/kiosk/Cat00006288&quot;,&quot;name&quot;:&quot;Książki&quot;,&quot;catId&quot;:&quot;Cat00006288&quot;,&quot;index&quot;:3,&quot;items&quot;:[]},{&quot;url&quot;:&quot;/art-przemyslowe/kiosk/Cat00006291&quot;,&quot;name&quot;:&quot;Prasa&quot;,&quot;catId&quot;:&quot;Cat00006291&quot;,&quot;index&quot;:4,&quot;items&quot;:[]},{&quot;url&quot;:&quot;/art-przemyslowe/kiosk/Cat00006298&quot;,&quot;name&quot;:&quot;Papierosy&quot;,&quot;catId&quot;:&quot;Cat00006298&quot;,&quot;index&quot;:5,&quot;items&quot;:[]},{&quot;url&quot;:&quot;/art-przemyslowe/kiosk/Cat00006300&quot;,&quot;name&quot;:&quot;Znicze, wkłady i akcesoria&quot;,&quot;catId&quot;:&quot;Cat00006300&quot;,&quot;index&quot;:6,&quot;items&quot;:[]}]},{&quot;url&quot;:&quot;/art-przemyslowe/dla-domu&quot;,&quot;name&quot;:&quot;Dla domu&quot;,&quot;catId&quot;:null,&quot;index&quot;:2,&quot;items&quot;:[{&quot;url&quot;:&quot;/art-przemyslowe/dla-domu/Cat00006309&quot;,&quot;name&quot;:&quot;Blendery, miksery, maszynki do mielenia&quot;,&quot;catId&quot;:&quot;Cat00006309&quot;,&quot;index&quot;:0,&quot;items&quot;:[]},{&quot;url&quot;:&quot;/art-przemyslowe/dla-domu/Cat00006313&quot;,&quot;name&quot;:&quot;Torby na zakupy&quot;,&quot;catId&quot;:&quot;Cat00006313&quot;,&quot;index&quot;:1,&quot;items&quot;:[]},{&quot;url&quot;:&quot;/art-przemyslowe/dla-domu/Cat00006315&quot;,&quot;name&quot;:&quot;Pochłaniacze wilgoci i uszczelki&quot;,&quot;catId&quot;:&quot;Cat00006315&quot;,&quot;index&quot;:2,&quot;items&quot;:[]}]},{&quot;url&quot;:&quot;/art-przemyslowe/szkola-biuro&quot;,&quot;name&quot;:&quot;Szkoła, biuro&quot;,&quot;catId&quot;:null,&quot;index&quot;:3,&quot;items&quot;:[{&quot;url&quot;:&quot;/art-przemyslowe/szkola-biuro/Cat00006449&quot;,&quot;name&quot;:&quot;Plecaki&quot;,&quot;catId&quot;:&quot;Cat00006449&quot;,&quot;index&quot;:0,&quot;items&quot;:[]},{&quot;url&quot;:&quot;/art-przemyslowe/szkola-biuro/Cat00006318&quot;,&quot;name&quot;:&quot;Długopisy, pióra, cienkopisy&quot;,&quot;catId&quot;:&quot;Cat00006318&quot;,&quot;index&quot;:1,&quot;items&quot;:[]},{&quot;url&quot;:&quot;/art-przemyslowe/szkola-biuro/Cat00006322&quot;,&quot;name&quot;:&quot;Pisaki, markery, zakreślacze&quot;,&quot;catId&quot;:&quot;Cat00006322&quot;,&quot;index&quot;:2,&quot;items&quot;:[]},{&quot;url&quot;:&quot;/art-przemyslowe/szkola-biuro/Cat00006326&quot;,&quot;name&quot;:&quot;Korektory&quot;,&quot;catId&quot;:&quot;Cat00006326&quot;,&quot;index&quot;:3,&quot;items&quot;:[]},{&quot;url&quot;:&quot;/art-przemyslowe/szkola-biuro/Cat00006328&quot;,&quot;name&quot;:&quot;Karteczki i notesy&quot;,&quot;catId&quot;:&quot;Cat00006328&quot;,&quot;index&quot;:4,&quot;items&quot;:[]},{&quot;url&quot;:&quot;/art-przemyslowe/szkola-biuro/Cat00006330&quot;,&quot;name&quot;:&quot;Teczki i segregatory&quot;,&quot;catId&quot;:&quot;Cat00006330&quot;,&quot;index&quot;:5,&quot;items&quot;:[]},{&quot;url&quot;:&quot;/art-przemyslowe/szkola-biuro/Cat00006333&quot;,&quot;name&quot;:&quot;Kleje i taśmy klejące&quot;,&quot;catId&quot;:&quot;Cat00006333&quot;,&quot;index&quot;:6,&quot;items&quot;:[]},{&quot;url&quot;:&quot;/art-przemyslowe/szkola-biuro/Cat00006336&quot;,&quot;name&quot;:&quot;Kredki i ołówki&quot;,&quot;catId&quot;:&quot;Cat00006336&quot;,&quot;index&quot;:7,&quot;items&quot;:[]},{&quot;url&quot;:&quot;/art-przemyslowe/szkola-biuro/Cat00006341&quot;,&quot;name&quot;:&quot;Zeszyty, bruliony, bloki&quot;,&quot;catId&quot;:&quot;Cat00006341&quot;,&quot;index&quot;:8,&quot;items&quot;:[]},{&quot;url&quot;:&quot;/art-przemyslowe/szkola-biuro/Cat00006345&quot;,&quot;name&quot;:&quot;Plastelina, modelina&quot;,&quot;catId&quot;:&quot;Cat00006345&quot;,&quot;index&quot;:9,&quot;items&quot;:[]},{&quot;url&quot;:&quot;/art-przemyslowe/szkola-biuro/Cat00006347&quot;,&quot;name&quot;:&quot;Farbki&quot;,&quot;catId&quot;:&quot;Cat00006347&quot;,&quot;index&quot;:10,&quot;items&quot;:[]},{&quot;url&quot;:&quot;/art-przemyslowe/szkola-biuro/Cat00006351&quot;,&quot;name&quot;:&quot;Pozostałe akcesoria szkolne i biurowe&quot;,&quot;catId&quot;:&quot;Cat00006351&quot;,&quot;index&quot;:11,&quot;items&quot;:[]},{&quot;url&quot;:&quot;/art-przemyslowe/szkola-biuro/Cat00006353&quot;,&quot;name&quot;:&quot;Lampki biurkowe&quot;,&quot;catId&quot;:&quot;Cat00006353&quot;,&quot;index&quot;:12,&quot;items&quot;:[]},{&quot;url&quot;:&quot;/art-przemyslowe/szkola-biuro/Cat00006355&quot;,&quot;name&quot;:&quot;Papier ksero&quot;,&quot;catId&quot;:&quot;Cat00006355&quot;,&quot;index&quot;:13,&quot;items&quot;:[]},{&quot;url&quot;:&quot;/art-przemyslowe/szkola-biuro/Cat00006357&quot;,&quot;name&quot;:&quot;Koperty i pakowanie pocztowe&quot;,&quot;catId&quot;:&quot;Cat00006357&quot;,&quot;index&quot;:14,&quot;items&quot;:[]}]},{&quot;url&quot;:&quot;/art-przemyslowe/majsterkowanie&quot;,&quot;name&quot;:&quot;Majsterkowanie&quot;,&quot;catId&quot;:null,&quot;index&quot;:4,&quot;items&quot;:[{&quot;url&quot;:&quot;/art-przemyslowe/majsterkowanie/Cat00006361&quot;,&quot;name&quot;:&quot;Baterie&quot;,&quot;catId&quot;:&quot;Cat00006361&quot;,&quot;index&quot;:0,&quot;items&quot;:[]},{&quot;url&quot;:&quot;/art-przemyslowe/majsterkowanie/Cat00006363&quot;,&quot;name&quot;:&quot;Żarówki&quot;,&quot;catId&quot;:&quot;Cat00006363&quot;,&quot;index&quot;:1,&quot;items&quot;:[]},{&quot;url&quot;:&quot;/art-przemyslowe/majsterkowanie/Cat00006366&quot;,&quot;name&quot;:&quot;Przedłużacze i akcesoria elektryczne&quot;,&quot;catId&quot;:&quot;Cat00006366&quot;,&quot;index&quot;:2,&quot;items&quot;:[]},{&quot;url&quot;:&quot;/art-przemyslowe/majsterkowanie/Cat00006368&quot;,&quot;name&quot;:&quot;Kleje&quot;,&quot;catId&quot;:&quot;Cat00006368&quot;,&quot;index&quot;:3,&quot;items&quot;:[]},{&quot;url&quot;:&quot;/art-przemyslowe/majsterkowanie/Cat00006370&quot;,&quot;name&quot;:&quot;Taśmy&quot;,&quot;catId&quot;:&quot;Cat00006370&quot;,&quot;index&quot;:4,&quot;items&quot;:[]},{&quot;url&quot;:&quot;/art-przemyslowe/majsterkowanie/Cat00006372&quot;,&quot;name&quot;:&quot;Narzędzia ręczne&quot;,&quot;catId&quot;:&quot;Cat00006372&quot;,&quot;index&quot;:5,&quot;items&quot;:[]},{&quot;url&quot;:&quot;/art-przemyslowe/majsterkowanie/Cat00006374&quot;,&quot;name&quot;:&quot;Malowanie i chemia budowlana&quot;,&quot;catId&quot;:&quot;Cat00006374&quot;,&quot;index&quot;:6,&quot;items&quot;:[]},{&quot;url&quot;:&quot;/art-przemyslowe/majsterkowanie/Cat00006376&quot;,&quot;name&quot;:&quot;Akcesoria do kominka&quot;,&quot;catId&quot;:&quot;Cat00006376&quot;,&quot;index&quot;:7,&quot;items&quot;:[]}]},{&quot;url&quot;:&quot;/art-przemyslowe/do-samochodu&quot;,&quot;name&quot;:&quot;Do samochodu&quot;,&quot;catId&quot;:null,&quot;index&quot;:5,&quot;items&quot;:[{&quot;url&quot;:&quot;/art-przemyslowe/do-samochodu/Cat00006383&quot;,&quot;name&quot;:&quot;Bezpieczeństwo&quot;,&quot;catId&quot;:&quot;Cat00006383&quot;,&quot;index&quot;:0,&quot;items&quot;:[]},{&quot;url&quot;:&quot;/art-przemyslowe/do-samochodu/Cat00006385&quot;,&quot;name&quot;:&quot;Kosmetyki samochodowe&quot;,&quot;catId&quot;:&quot;Cat00006385&quot;,&quot;index&quot;:1,&quot;items&quot;:[]},{&quot;url&quot;:&quot;/art-przemyslowe/do-samochodu/Cat00006388&quot;,&quot;name&quot;:&quot;Dodatki do paliw&quot;,&quot;catId&quot;:&quot;Cat00006388&quot;,&quot;index&quot;:2,&quot;items&quot;:[]},{&quot;url&quot;:&quot;/art-przemyslowe/do-samochodu/Cat00006390&quot;,&quot;name&quot;:&quot;Oleje silnikowe&quot;,&quot;catId&quot;:&quot;Cat00006390&quot;,&quot;index&quot;:3,&quot;items&quot;:[]},{&quot;url&quot;:&quot;/art-przemyslowe/do-samochodu/Cat00006394&quot;,&quot;name&quot;:&quot;Żarówki&quot;,&quot;catId&quot;:&quot;Cat00006394&quot;,&quot;index&quot;:4,&quot;items&quot;:[]},{&quot;url&quot;:&quot;/art-przemyslowe/do-samochodu/Cat00006396&quot;,&quot;name&quot;:&quot;Narzędzia&quot;,&quot;catId&quot;:&quot;Cat00006396&quot;,&quot;index&quot;:5,&quot;items&quot;:[]}]},{&quot;url&quot;:&quot;/art-przemyslowe/sport-odzywki-bagaz-kemping&quot;,&quot;name&quot;:&quot;Sport, odżywki , bagaż, kemping&quot;,&quot;catId&quot;:null,&quot;index&quot;:6,&quot;items&quot;:[{&quot;url&quot;:&quot;/art-przemyslowe/sport-odzywki-bagaz-kemping/Cat00006401&quot;,&quot;name&quot;:&quot;Sport&quot;,&quot;catId&quot;:&quot;Cat00006401&quot;,&quot;index&quot;:0,&quot;items&quot;:[]},{&quot;url&quot;:&quot;/art-przemyslowe/sport-odzywki-bagaz-kemping/Cat00006404&quot;,&quot;name&quot;:&quot;Bagaż i kemping&quot;,&quot;catId&quot;:&quot;Cat00006404&quot;,&quot;index&quot;:1,&quot;items&quot;:[]}]},{&quot;url&quot;:&quot;/art-przemyslowe/ogrod&quot;,&quot;name&quot;:&quot;Ogród&quot;,&quot;catId&quot;:null,&quot;index&quot;:7,&quot;items&quot;:[{&quot;url&quot;:&quot;/art-przemyslowe/ogrod/Cat00006408&quot;,&quot;name&quot;:&quot;Ziemia&quot;,&quot;catId&quot;:&quot;Cat00006408&quot;,&quot;index&quot;:0,&quot;items&quot;:[]},{&quot;url&quot;:&quot;/art-przemyslowe/ogrod/Cat00006410&quot;,&quot;name&quot;:&quot;Doniczki i uchwyty balkonowe&quot;,&quot;catId&quot;:&quot;Cat00006410&quot;,&quot;index&quot;:1,&quot;items&quot;:[]},{&quot;url&quot;:&quot;/art-przemyslowe/ogrod/Cat00006412&quot;,&quot;name&quot;:&quot;Nawozy&quot;,&quot;catId&quot;:&quot;Cat00006412&quot;,&quot;index&quot;:2,&quot;items&quot;:[]},{&quot;url&quot;:&quot;/art-przemyslowe/ogrod/Cat00006418&quot;,&quot;name&quot;:&quot;Środki odstraszające szkodniki&quot;,&quot;catId&quot;:&quot;Cat00006418&quot;,&quot;index&quot;:3,&quot;items&quot;:[]},{&quot;url&quot;:&quot;/art-przemyslowe/ogrod/Cat00006420&quot;,&quot;name&quot;:&quot;Akcesoria ogrodowe&quot;,&quot;catId&quot;:&quot;Cat00006420&quot;,&quot;index&quot;:4,&quot;items&quot;:[]},{&quot;url&quot;:&quot;/art-przemyslowe/ogrod/Cat00006424&quot;,&quot;name&quot;:&quot;Grill&quot;,&quot;catId&quot;:&quot;Cat00006424&quotquot;,&quot;index&quot;:5,&quot;items&quot;:[]}]},{&quot;url&quot;:&quot;/art-przemyslowe/rozrywka-i-elektronika&quot;,&quot;name&quot;:&quot;Rozrywka i elektronika&quot;,&quot;catId&quot;:null,&quot;index&quot;:8,&quot;items&quot;:[{&quot;url&quot;:&quot;/art-przemyslowe/rozrywka-i-elektronika/Cat00006430&quot;,&quot;name&quot;:&quot;Gry&quot;,&quot;catId&quot;:&quot;Cat00006430&quot;,&quot;index&quot;:0,&quot;items&quot;:[]},{&quot;url&quot;:&quot;/art-przemyslowe/rozrywka-i-elektronika/Cat00006434&quot;,&quot;name&quot;:&quot;Akcesoria komputerowe&quot;,&quot;catId&quot;:&quot;Cat00006434&quot;,&quot;index&quot;:1,&quot;items&quot;:[]},{&quot;url&quot;:&quot;/art-przemyslowe/rozrywka-i-elektronika/Cat00006438&quot;,&quot;name&quot;:&quot;Tablety i akcesoria&quot;,&quot;catId&quot;:&quot;Cat00006438&quot;,&quot;index&quot;:2,&quot;items&quot;:[]},{&quot;url&quot;:&quot;/art-przemyslowe/rozrywka-i-elektronika/Cat00006443&quot;,&quot;name&quot;:&quot;Filmy&quot;,&quot;catId&quot;:&quot;Cat00006443&quot;,&quot;index&quot;:3,&quot;items&quot;:[]},{&quot;url&quot;:&quot;/art-przemyslowe/rozrywka-i-elektronika/Cat00006446&quot;,&quot;name&quot;:&quot;Telefony komórkowe&quot;,&quot;catId&quot;:&quot;Cat00006446&quot;,&quot;index&quot;:4,&quot;items&quot;:[]}]}]}],&quot;cmsNav&quot;:{},&quot;filtersOpen&quot;:false,&quot;isSearchResult&quot;:false,&quot;itemsPerPage&quot;:24,&quot;query&quot;:&quot;Batoniki i wafelki&quot;,&quot;results&quot;:{&quot;productItems&quot;:[{&quot;product&quot;:{&quot;averageWeight&quot;:0.047,&quot;baseProductId&quot;:null,&quot;bulkBuyLimit&quot;:24,&quot;defaultImageUrl&quot;:&quot;https://secure.ce-tescoassets.com/assets/PL/100/7622210416100/ShotType1_135x135.jpg&quot;,&quot;departmentName&quot;:&quot;Słodycze&quot;,&quot;departmentId&quot;:&quot;Cat00005763&quot;,&quot;depositAmount&quot;:0,&quot;description&quot;:&quot;3Bit Baton w czekoladzie mlecznej z nadzieniem mlecznym i herbatnikiem 46 g&quot;,&quot;displayType&quot;:&quot;Quantity&quot;,&quot;id&quot;:&quot;2003010644941&quot;,&quot;isForSale&quot;:true,&quot;isInFavourites&quot;:null,&quot;maxQuantityAllowed&quot;:0,&quot;price&quot;:1.69,&quot;pricePermanent&quot;:null,&quot;primaryTaxonomyNodeId&quot;:&quot;Cat00005769&quot;,&quot;quantityInBasket&quot;:null,&quot;sellType&quot;:null,&quot;shortDescription&quot;:&quot;3Bit Baton w czekoladzie mlecznej z nadzieniem mlecznym i herbatnikiem 46 g&quot;,&quot;title&quot;:&quot;3Bit Baton w czekoladzie mlecznej z nadzieniem mlecznym i herbatnikiem 46 g&quot;,&quot;unitOfMeasure&quot;:&quot;kg&quot;,&quot;unitPrice&quot;:36.74,&quot;aisleId&quot;:&quot;Cat00005768&quot;},&quot;promotions&quot;:[]},{&quot;product&quot;:{&quot;averageWeight&quot;:0.047,&quot;baseProductId&quot;:null,&quot;bulkBuyLimit&quot;:24,&quot;defaultImageUrl&quot;:&quot;https://secure.ce-tescoassets.com/assets/PL/124/7622210416124/ShotType1_135x135.jpg&quot;,&quot;departmentName&quot;:&quot;Słodycze&quot;,&quot;departmentId&quot;:&quot;Cat00005763&quot;,&quot;depositAmount&quot;:0,&quot;description&quot;:&quot;3Bit Baton w czekoladzie mlecznej z nadzieniem o smaku orzechowym i herbatnikiem 46 g&quot;,&quot;displayType&quot;:&quot;Quantity&quot;,&quot;id&quot;:&quot;2003011091508&quot;,&quot;isForSale&quot;:true,&quot;isInFavourites&quot;:null,&quot;maxQuantityAllowed&quot;:0,&quot;price&quot;:1.69,&quot;pricePermanent&quot;:null,&quot;primaryTaxonomyNodeId&quot;:&quot;Cat00005769&quot;,&quot;quantityInBasket&quot;:null,&quot;sellType&quot;:null,&quot;shortDescription&quot;:&quot;3Bit Baton w czekoladzie mlecznej z nadzieniem o smaku orzechowym i herbatnikiem 46 g&quot;,&quot;title&quot;:&quot;3Bit Baton w czekoladzie mlecznej z nadzieniem o smaku orzechowym i herbatnikiem 46 g&quot;,&quot;unitOfMeasure&quot;:&quot;kg&quot;,&quot;unitPrice&quot;:36.74,&quot;aisleId&quot;:&quot;Cat00005768&quot;},&quot;promotions&quot;:[]},{&quot;product&quot;:{&quot;averageWeight&quot;:0.04,&quot;baseProductId&quot;:null,&quot;bulkBuyLimit&quot;:24,&quot;defaultImageUrl&quot;:&quot;https://secure.ce-tescoassets.com/assets/PL/933/5900749610933/ShotType1_135x135.jpg&quot;,&quot;departmentName&quot;:&quot;Słodycze&quot;,&quot;departmentId&quot;:&quot;Cat00005763&quot;,&quot;depositAmount&quot;:0,&quot;description&quot;:&quot;Bakalland Ba! 5 bakalii Baton zbożowy 40 g&quot;,&quot;displayType&quot;:&quot;Quantity&quot;,&quot;id&quot;:&quot;2003120693425&quot;,&quot;isForSale&quot;:true,&quot;isInFavourites&quot;:null,&quot;maxQuantityAllowed&quot;:0,&quot;price&quot;:1.99,&quot;pricePermanent&quot;:null,&quot;primaryTaxonomyNodeId&quot;:&quot;Cat00005769&quot;,&quot;quantityInBasket&quot;:null,&quot;sellType&quot;:null,&quot;shortDescription&quot;:&quot;Bakalland Ba! 5 bakalii Baton zbożowy 40 g&quot;,&quot;title&quot;:&quot;Bakalland Ba! 5 bakalii Baton zbożowy 40 g&quot;,&quot;unitOfMeasure&quot;:&quot;kg&quot;,&quot;unitPrice&quot;:49.75,&quot;aisleId&quot;:&quot;Cat00005768&quot;},&quot;promotions&quot;:[]},{&quot;product&quot;:{&quot;averageWeight&quot;:0.04,&quot;baseProductId&quot;:null,&quot;bulkBuyLimit&quot;:24,&quot;defaultImageUrl&quot;:&quot;https://secure.ce-tescoassets.com/assets/PL/926/5900749610926/ShotType1_135x135.jpg&quot;,&quot;departmentName&quot;:&quot;Słodycze&quot;,&quot;departmentId&quot;:&quot;Cat00005763&quot;,&quot;depositAmount&quot;:0,&quot;description&quot;:&quot;Bakalland Ba! 5 orzechów Baton zbożowy 40 g&quot;,&quot;displayType&quot;:&quot;Quantity&quot;,&quot;id&quot;:&quot;2003120693091&quot;,&quot;isForSale&quot;:true,&quot;isInFavourites&quot;:null,&quot;maxQuantityAllowed&quot;:0,&quot;price&quot;:1.99,&quot;pricePermanent&quot;:null,&quot;primaryTaxonomyNodeId&quot;:&quot;Cat00005769&quot;,&quot;quantityInBasket&quot;:null,&quot;sellType&quot;:null,&quot;shortDescription&quot;:&quot;Bakalland Ba! 5 orzechów Baton zbożowy 40 g&quot;,&quot;title&quot;:&quot;Bakalland Ba! 5 orzechów Baton zbożowy 40 g&quot;,&quot;unitOfMeasure&quot;:&quot;kg&quot;,&quot;unitPrice&quot;:49.75,&quot;aisleId&quot;:&quot;Cat00005768&quot;},&quot;promotions&quot;:[]},{&quot;product&quot;:{&quot;averageWeight&quot;:0.042,&quot;baseProductId&quot;:null,&quot;bulkBuyLimit&quot;:24,&quot;defaultImageUrl&quot;:&quot;https://secure.ce-tescoassets.com/assets/PL/995/5900749610995/ShotType1_135x135.jpg&quot;,&quot;departmentName&quot;:&quot;Słodycze&quot;,&quot;departmentId&quot;:&quot;Cat00005763&quot;,&quot;depositAmount&quot;:0,&quot;description&quot;:&quot;Bakalland Ba! banan Baton zbożowy 40 g&quot;,&quot;displayType&quot;:&quot;Quantity&quot;,&quot;id&quot;:&quot;2003120055639&quot;,&quot;isForSale&quot;:true,&quot;isInFavourites&quot;:null,&quot;maxQuantityAllowed&quot;:0,&quot;price&quot;:1.79,&quot;pricePermanent&quot;:null,&quot;primaryTaxonomyNodeId&quot;:&quot;Cat00005769&quot;,&quot;quantityInBasket&quot;:null,&quot;sellType&quot;:null,&quot;shortDescription&quot;:&quot;Bakalland Ba! banan Baton zbożowy 40 g&quot;,&quot;title&quot;:&quot;Bakalland Ba! banan Baton zbożowy 40 g&quot;,&quot;unitOfMeasure&quot;:&quot;kg&quot;,&quot;unitPrice&quot;:44.75,&quot;aisleId&quot;:&quot;Cat00005768&quot;},&quot;promotions&quot;:[]},{&quot;product&quot;:{&quot;averageWeight&quot;:0.04,&quot;baseProductId&quot;:null,&quot;bulkBuyLimit&quot;:24,&quot;defaultImageUrl&quot;:&quot;https://secure.ce-tescoassets.com/assets/PL/988/5900749610988/ShotType1_135x135.jpg&quot;,&quot;departmentName&quot;:&quot;Słodycze&quot;,&quot;departmentId&quot;:&quot;Cat00005763&quot;,&quot;depositAmount&quot;:0,&quot;description&quot;:&quot;Bakalland Ba! Żurawina i pomarańcza Baton zbożowy 40 g&quot;,&quot;displayType&quot;:&quot;Quantity&quot;,&quot;id&quot;:&quot;2003120055645&quot;,&quot;isForSale&quot;:true,&quot;isInFavourites&quot;:null,&quot;maxQuantityAllowed&quot;:0,&quot;price&quot;:1.79,&quot;pricePermanent&quot;:null,&quot;primaryTaxonomyNodeId&quot;:&quot;Cat00005769&quot;,&quot;quantityInBasket&quot;:null,&quot;sellType&quot;:null,&quot;shortDescription&quot;:&quot;Bakalland Ba! Żurawina i pomarańcza Baton zbożowy 40 g&quot;,&quot;title&quot;:&quot;Bakalland Ba! Żurawina i pomarańcza Baton zbożowy 40 g&quot;,&quot;unitOfMeasure&quot;:&quot;kg&quot;,&quot;unitPrice&quot;:44.75,&quot;aisleId&quot;:&quot;Cat00005768&quot;},&quot;promotions&quot;:[]},{&quot;product&quot;:{&quot;averageWeight&quot;:0.059,&quot;baseProductId&quot;:null,&quot;bulkBuyLimit&quot;:24,&quot;defaultImageUrl&quot;:&quot;https://secure.ce-tescoassets.com/assets/PL/216/0000040111216/ShotType1_135x135.jpg&quot;,&quot;departmentName&quot;:&quot;Słodycze&quot;,&quot;departmentId&quot;:&quot;Cat00005763&quot;,&quot;depositAmount&quot;:0,&quot;description&quot;:&quot;Bounty Baton z nadzieniem kokosowym oblany czekoladą 57 g (2 sztuki)&quot;,&quot;displayType&quot;:&quot;Quantity&quot;,&quot;id&quot;:&quot;2003000263268&quot;,&quot;isForSale&quot;:true,&quot;isInFavourites&quot;:null,&quot;maxQuantityAllowed&quot;:0,&quot;price&quot;:1.59,&quot;pricePermanent&quot;:null,&quot;primaryTaxonomyNodeId&quot;:&quot;Cat00005769&quot;,&quot;quantityInBasket&quot;:null,&quot;sellType&quot;:null,&quot;shortDescription&quot;:&quot;Bounty Baton z nadzieniem kokosowym oblany czekoladą 57 g (2 sztuki)&quot;,&quot;title&quot;:&quot;Bounty Baton z nadzieniem kokosowym oblany czekoladą 57 g (2 sztuki)&quot;,&quot;unitOfMeasure&quot;:&quot;kg&quot;,&quot;unitPrice&quot;:27.89,&quot;aisleId&quot;:&quot;Cat00005768&quot;},&quot;promotions&quot;:[]},{&quot;product&quot;:{&quot;averageWeight&quot;:0.019,&quot;baseProductId&quot;:null,&quot;bulkBuyLimit&quot;:24,&quot;defaultImageUrl&quot;:&quot;https://secure.ce-tescoassets.com/assets/PL/015/0000040084015/ShotType1_135x135.jpg&quot;,&quot;departmentName&quot;:&quot;Słodycze&quot;,&quot;departmentId&quot;:&quot;Cat00005763&quot;,&quot;depositAmount&quot;:0,&quot;description&quot;:&quot;Duplo Wafel z orzechowym nadzieniem pokryty mleczną czekoladą 18,2 g&quot;,&quot;displayType&quot;:&quot;Quantity&quot;,&quot;id&quot;:&quot;2003011869206&quot;,&quot;isForSale&quot;:true,&quot;isInFavourites&quot;:null,&quot;maxQuantityAllowed&quot;:0,&quot;price&quot;:1.39,&quot;pricePermanent&quot;:null,&quot;primaryTaxonomyNodeId&quot;:&quot;Cat00005769&quot;,&quot;quantityInBasket&quot;:null,&quot;sellType&quot;:null,&quot;shortDescription&quot;:&quot;Duplo Wafel z orzechowym nadzieniem pokryty mleczną czekoladą 18,2 g&quot;,&quot;title&quot;:&quot;Duplo Wafel z orzechowym nadzieniem pokryty mleczną czekoladą 18,2 g&quot;,&quot;unitOfMeasure&quot;:&quot;kg&quot;,&quot;unitPrice&quot;:77.22,&quot;aisleId&quot;:&quot;Cat00005768&quot;},&quot;promotions&quot;:[]},{&quot;product&quot;:{&quot;averageWeight&quot;:0.105,&quot;baseProductId&quot;:null,&quot;bulkBuyLimit&quot;:24,&quot;defaultImageUrl&quot;:&quot;https://secure.ce-tescoassets.com/assets/PL/429/4008400300429/ShotType1_135x135.jpg&quot;,&quot;departmentName&quot;:&quot;Słodycze&quot;,&quot;departmentId&quot;:&quot;Cat00005763&quot;,&quot;depositAmount&quot;:0,&quot;description&quot;:&quot;Duplo Wafel z orzechowym nadzieniem pokryty mleczną czekoladą 91 g (5 batoników)&quot;,&quot;displayType&quot;:&quot;Quantity&quot;,&quot;id&quot;:&quot;2003120043481&quot;,&quot;isForSale&quot;:true,&quot;isInFavourites&quot;:null,&quot;maxQuantityAllowed&quot;:0,&quot;price&quot;:4.89,&quot;pricePermanent&quot;:null,&quot;primaryTaxonomyNodeId&quot;:&quot;Cat00005769&quot;,&quot;quantityInBasket&quot;:null,&quot;sellType&quot;:null,&quot;shortDescription&quot;:&quot;Duplo Wafel z orzechowym nadzieniem pokryty mleczną czekoladą 91 g (5 batoników)&quot;,&quot;title&quot;:&quot;Duplo Wafel z orzechowym nadzieniem pokryty mleczną czekoladą 91 g (5 batoników)&quot;,&quot;unitOfMeasure&quot;:&quot;kg&quot;,&quot;unitPrice&quot;:53.74,&quot;aisleId&quot;:&quot;Cat00005768&quot;},&quot;promotions&quot;:[]},{&quot;product&quot;:{&quot;averageWeight&quot;:0.047,&quot;baseProductId&quot;:null,&quot;bulkBuyLimit&quot;:24,&quot;defaultImageUrl&quot;:&quot;https://secure.ce-tescoassets.com/assets/PL/504/0000059012504/ShotType1_135x135.jpg&quot;,&quot;departmentName&quot;:&quot;Słodycze&quot;,&quot;departmentId&quot;:&quot;Cat00005763&quot;,&quot;depositAmount&quot;:0,&quot;description&quot;:&quot;E. Wedel Bajeczny Baton orzechowy arachidowy z dodatkiem wafelków w mlecznej czekoladzie 45 g&quot;,&quot;displayType&quot;:&quot;Quantity&quot;,&quot;id&quot;:&quot;2003000120790&quot;,&quot;isForSale&quot;:true,&quot;isInFavourites&quot;:null,&quot;maxQuantityAllowed&quot;:0,&quot;price&quot;:1.79,&quot;pricePermanent&quot;:null,&quot;primaryTaxonomyNodeId&quot;:&quot;Cat00005769&quot;,&quot;quantityInBasket&quot;:null,&quot;sellType&quot;:null,&quot;shortDescription&quot;:&quot;E. Wedel Bajeczny Baton orzechowy arachidowy z dodatkiem wafelków w mlecznej czekoladzie 45 g&quot;,&quot;title&quot;:&quot;E. Wedel Bajeczny Baton orzechowy arachidowy z dodatkiem wafelków w mlecznej czekoladzie 45 g&quot;,&quot;unitOfMeasure&quot;:&quot;kg&quot;,&quot;unitPrice&quot;:39.78,&quot;aisleId&quot;:&quot;Cat00005768&quot;},&quot;promotions&quot;:[]},{&quot;product&quot;:{&quot;averageWeight&quot;:0.037,&quot;baseProductId&quot;:null,&quot;bulkBuyLimit&quot;:24,&quot;defaultImageUrl&quot;:&quot;https://secure.ce-tescoassets.com/assets/PL/282/5901588026282/ShotType1_135x135.jpg&quot;,&quot;departmentName&quot;:&quot;Słodycze&quot;,&quot;departmentId&quot;:&quot;Cat00005763&quot;,&quot;depositAmount&quot;:0,&quot;description&quot;:&quot;E. Wedel Batonik o smaku panna cotta 36,5 g&quot;,&quot;displayType&quot;:&quot;Quantity&quot;,&quot;id&quot;:&quot;2003120657002&quot;,&quot;isForSale&quot;:true,&quot;isInFavourites&quot;:null,&quot;maxQuantityAllowed&quot;:0,&quot;price&quot;:1.99,&quot;pricePermanent&quot;:null,&quot;primaryTaxonomyNodeId&quot;:&quot;Cat00005769&quot;,&quot;quantityInBasket&quot;:null,&quot;sellType&quot;:null,&quot;shortDescription&quot;:&quot;E. Wedel Batonik o smaku panna cotta 36,5 g&quot;,&quot;title&quot;:&quot;E. Wedel Batonik o smaku panna cotta 36,5 g&quot;,&quot;unitOfMeasure&quot;:&quot;kg&quot;,&quot;unitPrice&quot;:53.78,&quot;aisleId&quot;:&quot;Cat00005768&quot;},&quot;promotions&quot;:[]},{&quot;product&quot;:{&quot;averageWeight&quot;:0.037,&quot;baseProductId&quot;:null,&quot;bulkBuyLimit&quot;:24,&quot;defaultImageUrl&quot;:&quot;https://secure.ce-tescoassets.com/assets/PL/275/5901588026275/ShotType1_135x135.jpg&quot;,&quot;departmentName&quot;:&quot;Słodycze&quot;,&quot;departmentId&quot;:&quot;Cat00005763&quot;,&quot;depositAmount&quot;:0,&quot;description&quot;:&quot;E. Wedel Batonik o smaku tiramisu 36,5 g&quot;,&quot;displayType&quot;:&quot;Quantity&quot;,&quot;id&quot;:&quot;2003120656994&quot;,&quot;isForSale&quot;:true,&quot;isInFavourites&quot;:null,&quot;maxQuantityAllowed&quot;:0,&quot;price&quot;:1.99,&quot;pricePermanent&quot;:null,&quot;primaryTaxonomyNodeId&quot;:&quot;Cat00005769&quot;,&quot;quantityInBasket&quot;:null,&quot;sellType&quot;:null,&quot;shortDescription&quot;:&quot;E. Wedel Batonik o smaku tiramisu 36,5 g&quot;,&quot;title&quot;:&quot;E. Wedel Batonik o smaku tiramisu 36,5 g&quot;,&quot;unitOfMeasure&quot;:&quot;kg&quot;,&quot;unitPrice&quot;:53.78,&quot;aisleId&quot;:&quot;Cat00005768&quot;},&quot;promotions&quot;:[]},{&quot;product&quot;:{&quot;averageWeight&quot;:0.055,&quot;baseProductId&quot;:null,&quot;bulkBuyLimit&quot;:24,&quot;defaultImageUrl&quot;:&quot;https://secure.ce-tescoassets.com/assets/PL/244/5901588026244/ShotType1_135x135.jpg&quot;,&quot;departmentName&quot;:&quot;Słodycze&quot;,&quot;departmentId&quot;:&quot;Cat00005763&quot;,&quot;depositAmount&quot;:0,&quot;description&quot;:&quot;E. Wedel Czeko tubka Krem kakaowo-orzechowy 50 g&quot;,&quot;displayType&quot;:&quot;Quantity&quot;,&quot;id&quot;:&quot;2003120632918&quot;,&quot;isForSale&quot;:true,&quot;isInFavourites&quot;:null,&quot;maxQuantityAllowed&quot;:0,&quot;price&quot;:2.89,&quot;pricePermanent&quot;:null,&quot;primaryTaxonomyNodeId&quot;:&quot;Cat00005769&quot;,&quot;quantityInBasket&quot;:null,&quot;sellType&quot;:null,&quot;shortDescription&quot;:&quot;E. Wedel Czeko tubka Krem kakaowo-orzechowy 50 g&quot;,&quot;title&quot;:&quot;E. Wedel Czeko tubka Krem kakaowo-orzechowy 50 g&quot;,&quot;unitOfMeasure&quot;:&quot;kg&quot;,&quot;unitPrice&quot;:57.8,&quot;aisleId&quot;:&quot;Cat00005768&quot;},&quot;promotions&quot;:[]},{&quot;product&quot;:{&quot;averageWeight&quot;:0.046,&quot;baseProductId&quot;:null,&quot;bulkBuyLimit&quot;:24,&quot;defaultImageUrl&quot;:&quot;https://secure.ce-tescoassets.com/assets/PL/328/0000059032328/ShotType1_135x135.jpg&quot;,&quot;departmentName&quot;:&quot;Słodycze&quot;,&quot;departmentId&quot;:&quot;Cat00005763&quot;,&quot;depositAmount&quot;:0,&quot;description&quot;:&quot;E. Wedel Pawełek Batonik deserowy advocat 45 g&quot;,&quot;displayType&quot;:&quot;Quantity&quot;,&quot;id&quot;:&quot;2003009847650&quot;,&quot;isForSale&quot;:true,&quot;isInFavourites&quot;:null,&quot;maxQuantityAllowed&quot;:0,&quot;price&quot;:1.59,&quot;pricePermanent&quot;:null,&quot;primaryTaxonomyNodeId&quot;:&quot;Cat00005769&quot;,&quot;quantityInBasket&quot;:null,&quot;sellType&quot;:null,&quot;shortDescription&quot;:&quot;E. Wedel Pawełek Batonik deserowy advocat 45 g&quot;,&quot;title&quot;:&quot;E. Wedel Pawełek Batonik deserowy advocat 45 g&quot;,&quot;unitOfMeasure&quot;:&quot;kg&quot;,&quot;unitPrice&quot;:35.33,&quot;aisleId&quot;:&quot;Cat00005768&quot;},&quot;promotions&quot;:[]},{&quot;product&quot;:{&quot;averageWeight&quot;:0.046,&quot;baseProductId&quot;:null,&quot;bulkBuyLimit&quot;:24,&quot;defaultImageUrl&quot;:&quot;https://secure.ce-tescoassets.com/assets/PL/603/0000059025603/ShotType1_135x135.jpg&quot;,&quot;departmentName&quot;:&quot;Słodycze&quot;,&quot;departmentId&quot;:&quot;Cat00005763&quot;,&quot;depositAmount&quot;:0,&quot;description&quot;:&quot;E. Wedel Pawełek Batonik mleczny śmietanka 45 g&quot;,&quot;displayType&quot;:&quot;Quantity&quot;,&quot;id&quot;:&quot;2003007753908&quot;,&quot;isForSale&quot;:true,&quot;isInFavourites&quot;:null,&quot;maxQuantityAllowed&quot;:0,&quot;price&quot;:1.59,&quot;pricePermanent&quot;:null,&quot;primaryTaxonomyNodeId&quot;:&quot;Cat00005769&quot;,&quot;quantityInBasket&quot;:null,&quot;sellType&quot;:null,&quot;shortDescription&quot;:&quot;E. Wedel Pawełek Batonik mleczny śmietanka 45 g&quot;,&quot;title&quot;:&quot;E. Wedel Pawełek Batonik mleczny śmietanka 45 g&quot;,&quot;unitOfMeasure&quot;:&quot;kg&quot;,&quot;unitPrice&quot;:35.33,&quot;aisleId&quot;:&quot;Cat00005768&quot;},&quot;promotions&quot;:[]},{&quot;product&quot;:{&quot;averageWeight&quot;:0.046,&quot;baseProductId&quot;:null,&quot;bulkBuyLimit&quot;:24,&quot;defaultImageUrl&quot;:&quot;https://secure.ce-tescoassets.com/assets/PL/194/0000059011194/ShotType1_135x135.jpg&quot;,&quot;departmentName&quot;:&quot;Słodycze&quot;,&quot;departmentId&quot;:&quot;Cat00005763&quot;,&quot;depositAmount&quot;:0,&quot;description&quot;:&quot;E. Wedel Pawełek Batonik mleczny toffi 45 g&quot;,&quot;displayType&quot;:&quot;Quantity&quot;,&quot;id&quot;:&quot;2003000120783&quot;,&quot;isForSale&quot;:true,&quot;isInFavourites&quot;:null,&quot;maxQuantityAllowed&quot;:0,&quot;price&quot;:1.59,&quot;pricePermanent&quot;:null,&quot;primaryTaxonomyNodeId&quot;:&quot;Cat00005769&quot;,&quot;quantityInBasket&quot;:null,&quot;sellType&quot;:null,&quot;shortDescription&quot;:&quot;E. Wedel Pawełek Batonik mleczny toffi 45 g&quot;,&quot;title&quot;:&quot;E. Wedel Pawełek Batonik mleczny toffi 45 g&quot;,&quot;unitOfMeasure&quot;:&quot;kg&quot;,&quot;unitPrice&quot;:35.33,&quot;aisleId&quot;:&quot;Cat00005768&quot;},&quot;promotions&quot;:[]},{&quot;product&quot;:{&quot;averageWeight&quot;:0.053,&quot;baseProductId&quot;:null,&quot;bulkBuyLimit&quot;:24,&quot;defaultImageUrl&quot;:&quot;https://secure.ce-tescoassets.com/assets/PL/396/0000059042396/ShotType1_135x135.jpg&quot;,&quot;departmentName&quot;:&quot;Słodycze&quot;,&quot;departmentId&quot;:&quot;Cat00005763&quot;,&quot;depositAmount&quot;:0,&quot;description&quot;:&quot;E. Wedel WW Cztery wafelki przekładane nadzieniem orzechowym w mlecznej czekoladzie 47 g&quot;,&quot;displayType&quot;:&quot;Quantity&quot;,&quot;id&quot;:&quot;2003120279720&quot;,&quot;isForSale&quot;:true,&quot;isInFavourites&quot;:null,&quot;maxQuantityAllowed&quot;:0,&quot;price&quot;:1.69,&quot;pricePermanent&quot;:null,&quot;primaryTaxonomyNodeId&quot;:&quot;Cat00005769&quot;,&quot;quantityInBasket&quot;:null,&quot;sellType&quot;:null,&quot;shortDescription&quot;:&quot;E. Wedel WW Cztery wafelki przekładane nadzieniem orzechowym w mlecznej czekoladzie 47 g&quot;,&quot;title&quot;:&quot;E. Wedel WW Cztery wafelki przekładane nadzieniem orzechowym w mlecznej czekoladzie 47 g&quot;,&quot;unitOfMeasure&quot;:&quot;kg&quot;,&quot;unitPrice&quot;:35.96,&quot;aisleId&quot;:&quot;Cat00005768&quot;},&quot;promotions&quot;:[]},{&quot;product&quot;:{&quot;averageWeight&quot;:0.025,&quot;baseProductId&quot;:null,&quot;bulkBuyLimit&quot;:24,&quot;defaultImageUrl&quot;:&quot;https://secure.ce-tescoassets.com/assets/PL/243/8585000207243/ShotType1_135x135.jpg&quot;,&quot;departmentName&quot;:&quot;Słodycze&quot;,&quot;departmentId&quot;:&quot;Cat00005763&quot;,&quot;depositAmount&quot;:0,&quot;description&quot;:&quot;Figaro Pianka o smaku bananowym w czekoladzie 25 g&quot;,&quot;displayType&quot;:&quot;Quantity&quot;,&quot;id&quot;:&quot;2003010039877&quot;,&quot;isForSale&quot;:true,&quot;isInFavourites&quot;:null,&quot;maxQuantityAllowed&quot;:0,&quot;price&quot;:0.99,&quot;pricePermanent&quot;:null,&quot;primaryTaxonomyNodeId&quot;:&quot;Cat00005769&quot;,&quot;quantityInBasket&quot;:null,&quot;sellType&quot;:null,&quot;shortDescription&quot;:&quot;Figaro Pianka o smaku bananowym w czekoladzie 25 g&quot;,&quot;title&quot;:&quot;Figaro Pianka o smaku bananowym w czekoladzie 25 g&quot;,&quot;unitOfMeasure&quot;:&quot;kg&quot;,&quot;unitPrice&quot;:39.6,&quot;aisleId&quot;:&quot;Cat00005768&quot;},&quot;promotions&quot;:[]},{&quot;product&quot;:{&quot;averageWeight&quot;:0.052,&quot;baseProductId&quot;:null,&quot;bulkBuyLimit&quot;:24,&quot;defaultImageUrl&quot;:&quot;https://secure.ce-tescoassets.com/assets/PL/419/8584004041419/ShotType1_135x135.jpg&quot;,&quot;departmentName&quot;:&quot;Słodycze&quot;,&quot;departmentId&quot;:&quot;Cat00005763&quot;,&quot;depositAmount&quot;:0,&quot;description&quot;:&quot;Góralki czekoladowe Wafelek przekładany kremem kakaowo-czekoladowym 50 g&quot;,&quot;displayType&quot;:&quot;Quantity&quot;,&quot;id&quot;:&quot;2003120004574&quot;,&quot;isForSale&quot;:true,&quot;isInFavourites&quot;:null,&quot;maxQuantityAllowed&quot;:0,&quot;price&quot;:0.99,&quot;pricePermanent&quot;:null,&quot;primaryTaxonomyNodeId&quot;:&quot;Cat00005769&quot;,&quot;quantityInBasket&quot;:null,&quot;sellType&quot;:null,&quot;shortDescription&quot;:&quot;Góralki czekoladowe Wafelek przekładany kremem kakaowo-czekoladowym 50 g&quot;,&quot;title&quot;:&quot;Góralki czekoladowe Wafelek przekładany kremem kakaowo-czekoladowym 50 g&quot;,&quot;unitOfMeasure&quot;:&quot;kg&quot;,&quot;unitPrice&quot;:19.8,&quot;aisleId&quot;:&quot;Cat00005768&quot;},&quot;promotions&quot;:[]},{&quot;product&quot;:{&quot;averageWeight&quot;:0.05,&quot;baseProductId&quot;:null,&quot;bulkBuyLimit&quot;:24,&quot;defaultImageUrl&quot;:&quot;https://secure.ce-tescoassets.com/assets/PL/389/8584004041389/ShotType1_135x135.jpg&quot;,&quot;departmentName&quot;:&quot;Słodycze&quot;,&quot;departmentId&quot;:&quot;Cat00005763&quot;,&quot;depositAmount&quot;:0,&quot;description&quot;:&quot;Góralki mleczne Wafelek przekładany kremem mlecznym 50 g&quot;,&quot;displayType&quot;:&quot;Quantity&quot;,&quot;id&quot;:&quot;2003120004580&quot;,&quot;isForSale&quot;:true,&quot;isInFavourites&quot;:null,&quot;maxQuantityAllowed&quot;:0,&quot;price&quot;:0.99,&quot;pricePermanent&quot;:null,&quot;primaryTaxonomyNodeId&quot;:&quot;Cat00005769&quot;,&quot;quantityInBasket&quot;:null,&quot;sellType&quot;:null,&quot;shortDescription&quot;:&quot;Góralki mleczne Wafelek przekładany kremem mlecznym 50 g&quot;,&quot;title&quot;:&quot;Góralki mleczne Wafelek przekładany kremem mlecznym 50 g&quot;,&quot;unitOfMeasure&quot;:&quot;kg&quot;,&quot;unitPrice&quot;:19.8,&quot;aisleId&quot;:&quot;Cat00005768&quot;},&quot;promotions&quot;:[]},{&quot;product&quot;:{&quot;averageWeight&quot;:0.053,&quot;baseProductId&quot;:null,&quot;bulkBuyLimit&quot;:24,&quot;defaultImageUrl&quot;:&quot;https://secure.ce-tescoassets.com/assets/PL/433/8584004041433/ShotType1_135x135.jpg&quot;,&quot;departmentName&quot;:&quot;Słodycze&quot;,&quot;departmentId&quot;:&quot;Cat00005763&quot;,&quot;depositAmount&quot;:0,&quot;description&quot;:&quot;Góralki nugatowe Wafelek kakaowy przekładany kremem o smaku nugatowym 50 g&quot;,&quot;displayType&quot;:&quot;Quantity&quot;,&quot;id&quot;:&quot;2003120476325&quot;,&quot;isForSale&quot;:true,&quot;isInFavourites&quot;:null,&quot;maxQuantityAllowed&quot;:0,&quot;price&quot;:0.99,&quot;pricePermanent&quot;:null,&quot;primaryTaxonomyNodeId&quot;:&quot;Cat00005769&quot;,&quot;quantityInBasket&quot;:null,&quot;sellType&quot;:null,&quot;shortDescription&quot;:&quot;Góralki nugatowe Wafelek kakaowy przekładany kremem o smaku nugatowym 50 g&quot;,&quot;title&quot;:&quot;Góralki nugatowe Wafelek kakaowy przekładany kremem o smaku nugatowym 50 g&quot;,&quot;unitOfMeasure&quot;:&quot;kg&quot;,&quot;unitPrice&quot;:1.98,&quot;aisleId&quot;:&quot;Cat00005768&quot;},&quot;promotions&quot;:[]},{&quot;product&quot;:{&quot;averageWeight&quot;:0.052,&quot;baseProductId&quot;:null,&quot;bulkBuyLimit&quot;:24,&quot;defaultImageUrl&quot;:&quot;https://secure.ce-tescoassets.com/assets/PL/396/8584004041396/ShotType1_135x135.jpg&quot;,&quot;departmentName&quot;:&quot;Słodycze&quot;,&quot;departmentId&quot;:&quot;Cat00005763&quot;,&quot;depositAmount&quot;:0,&quot;description&quot;:&quot;Góralki orzechowe Wafelek przekładany kremem o smaku orzechów laskowych 50 g&quot;,&quot;displayType&quot;:&quot;Quantity&quot;,&quot;id&quot;:&quot;2003120004568&quot;,&quot;isForSale&quot;:true,&quot;isInFavourites&quot;:null,&quot;maxQuantityAllowed&quot;:0,&quot;price&quot;:0.99,&quot;pricePermanent&quot;:null,&quot;primaryTaxonomyNodeId&quot;:&quot;Cat00005769&quot;,&quot;quantityInBasket&quot;:null,&quot;sellType&quot;:null,&quot;shortDescription&quot;:&quot;Góralki orzechowe Wafelek przekładany kremem o smaku orzechów laskowych 50 g&quot;,&quot;title&quot;:&quot;Góralki orzechowe Wafelek przekładany kremem o smaku orzechów laskowych 50 g&quot;,&quot;unitOfMeasure&quot;:&quot;kg&quot;,&quot;unitPrice&quot;:19.8,&quot;aisleId&quot;:&quot;Cat00005768&quot;},&quot;promotions&quot;:[]},{&quot;product&quot;:{&quot;averageWeight&quot;:0.032,&quot;baseProductId&quot;:null,&quot;bulkBuyLimit&quot;:24,&quot;defaultImageUrl&quot;:&quot;https://secure.ce-tescoassets.com/assets/PL/570/5900394006570/ShotType1_135x135.jpg&quot;,&quot;departmentName&quot;:&quot;Słodycze&quot;,&quot;departmentId&quot;:&quot;Cat00005763&quot;,&quot;depositAmount&quot;:0,&quot;description&quot;:&quot;Grześki Mega kakaowe Wafel przekładany kremem kakaowym 34 g&quot;,&quot;displayType&quot;:&quot;Quantity&quot;,&quot;id&quot;:&quot;2003010939290&quot;,&quot;isForSale&quot;:true,&quot;isInFavourites&quot;:null,&quot;maxQuantityAllowed&quot;:0,&quot;price&quot;:1.19,&quot;pricePermanent&quot;:null,&quot;primaryTaxonomyNodeId&quot;:&quot;Cat00005769&quot;,&quot;quantityInBasket&quot;:null,&quot;sellType&quot;:null,&quot;shortDescription&quot;:&quot;Grześki Mega kakaowe Wafel przekładany kremem kakaowym 34 g&quot;,&quot;title&quot;:&quot;Grześki Mega kakaowe Wafel przekładany kremem kakaowym 34 g&quot;,&quot;unitOfMeasure&quot;:&quot;kg&quot;,&quot;unitPrice&quot;:35,&quot;aisleId&quot;:&quot;Cat00005768&quot;},&quot;promotions&quot;:[]},{&quot;product&quot;:{&quot;averageWeight&quot;:0.048,&quot;baseProductId&quot;:null,&quot;bulkBuyLimit&quot;:24,&quot;defaultImageUrl&quot;:&quot;https://secure.ce-tescoassets.com/assets/PL/495/5900394006495/ShotType1_135x135.jpg&quot;,&quot;departmentName&quot;:&quot;Słodycze&quot;,&quot;departmentId&quot;:&quot;Cat00005763&quot;,&quot;depositAmount&quot;:0,&quot;description&quot;:&quot;Grześki Mega Wafel przekładany kremem kakaowym w czekoladzie 48 g&quot;,&quot;displayType&quot;:&quot;Quantity&quot;,&quot;id&quot;:&quot;2003009861250&quot;,&quot;isForSale&quot;:true,&quot;isInFavourites&quot;:null,&quot;maxQuantityAllowed&quot;:0,&quot;price&quot;:1.29,&quot;pricePermanent&quot;:null,&quot;primaryTaxonomyNodeId&quot;:&quot;Cat00005769&quot;,&quot;quantityInBasket&quot;:null,&quot;sellType&quot;:null,&quot;shortDescription&quot;:&quot;Grześki Mega Wafel przekładany kremem kakaowym w czekoladzie 48 g&quot;,&quot;title&quot;:&quot;Grześki Mega Wafel przekładany kremem kakaowym w czekoladzie 48 g&quot;,&quot;unitOfMeasure&quot;:&quot;kg&quot;,&quot;unitPrice&quot;:26.88,&quot;aisleId&quot;:&quot;Cat00005768&quot;},&quot;promotions&quot;:[]}],&quot;facetLists&quot;:[{&quot;category&quot;:&quot;Promotion&quot;,&quot;facets&quot;:[{&quot;facetId&quot;:4294967255,&quot;facetName&quot;:&quot;31004&quot;,&quot;binCount&quot;:6,&quot;isSelected&quot;:false}]},{&quot;category&quot;:&quot;Shelf&quot;,&quot;facets&quot;:[{&quot;facetId&quot;:4294967052,&quot;facetName&quot;:&quot;Batoniki&quot;,&quot;binCount&quot;:106,&quot;isSelected&quot;:false},{&quot;facetId&quot;:4294966168,&quot;facetName&quot;:&quot;Batony musli&quot;,&quot;binCount&quot;:27,&quot;isSelected&quot;:false},{&quot;facetId&quot;:4294967136,&quot;facetName&quot;:&quot;Wafelki&quot;,&quot;binCount&quot;:8,&quot;isSelected&quot;:false}]},{&quot;category&quot;:&quot;Brand&quot;,&quot;facets&quot;:[{&quot;facetId&quot;:4294965747,&quot;facetName&quot;:&quot;3Bit&quot;,&quot;binCount&quot;:2,&quot;isSelected&quot;:false},{&quot;facetId&quot;:4294966509,&quot;facetName&quot;:&quot;Bakalland&quot;,&quot;binCount&quot;:4,&quot;isSelected&quot;:false},{&quot;facetId&quot;:4294966803,&quot;facetName&quot;:&quot;Bounty&quot;,&quot;binCount&quot;:1,&quot;isSelected&quot;:false},{&quot;facetId&quot;:4294965729,&quot;facetName&quot;:&quot;Breakfast King&quot;,&quot;binCount&quot;:2,&quot;isSelected&quot;:false},{&quot;facetId&quot;:4294964812,&quot;facetName&quot;:&quot;Corny&quot;,&quot;binCount&quot;:2,&quot;isSelected&quot;:false},{&quot;facetId&quot;:4294965589,&quot;facetName&quot;:&quot;Country Barn&quot;,&quot;binCount&quot;:5,&quot;isSelected&quot;:false},{&quot;facetId&quot;:4294965434,&quot;facetName&quot;:&quot;Duplo&quot;,&quot;binCount&quot;:2,&quot;isSelected&quot;:false},{&quot;facetId&quot;:4294965812,&quot;facetName&quot;:&quot;E. Wedel&quot;,&quot;binCount&quot;:10,&quot;isSelected&quot;:false},{&quot;facetId&quot;:4294967270,&quot;facetName&quot;:&quot;Figaro&quot;,&quot;binCount&quot;:1,&quot;isSelected&quot;:false},{&quot;facetId&quot;:4294964851,&quot;facetName&quot;:&quot;Góralki&quot;,&quot;binCount&quot;:4,&quot;isSelected&quot;:false},{&quot;facetId&quot;:4294965014,&quot;facetName&quot;:&quot;Grześki&quot;,&quot;binCount&quot;:3,&quot;isSelected&quot;:false},{&quot;facetId&quot;:4294965668,&quot;facetName&quot;:&quot;Hibbi&quot;,&quot;binCount&quot;:1,&quot;isSelected&quot;:false},{&quot;facetId&quot;:4294967046,&quot;facetName&quot;:&quot;Kinder&quot;,&quot;binCount&quot;:3,&quot;isSelected&quot;:false},{&quot;facetId&quot;:4294965697,&quot;facetName&quot;:&quot;KitKat&quot;,&quot;binCount&quot;:5,&quot;isSelected&quot;:false},{&quot;facetId&quot;:4294964484,&quot;facetName&quot;:&quot;Kopernik&quot;,&quot;binCount&quot;:1,&quot;isSelected&quot;:false},{&quot;facetId&quot;:4294966819,&quot;facetName&quot;:&quot;Lion&quot;,&quot;binCount&quot;:4,&quot;isSelected&quot;:false},{&quot;facetId&quot;:4294965792,&quot;facetName&quot;:&quot;Mars&quot;,&quot;binCount&quot;:2,&quot;isSelected&quot;:false},{&quot;facetId&quot;:4294965624,&quot;facetName&quot;:&quot;Maxer&quot;,&quot;binCount&quot;:1,&quot;isSelected&quot;:false},{&quot;facetId&quot;:4294966769,&quot;facetName&quot;:&quot;Milka&quot;,&quot;binCount&quot;:7,&quot;isSelected&quot;:false},{&quot;facetId&quot;:4294966802,&quot;facetName&quot;:&quot;Milky Way&quot;,&quot;binCount&quot;:3,&quot;isSelected&quot;:false},{&quot;facetId&quot;:4294964003,&quot;facetName&quot;:&quot;Nature's Bakery&quot;,&quot;binCount&quot;:3,&quot;isSelected&quot;:false},{&quot;facetId&quot;:4294966191,&quot;facetName&quot;:&quot;Nesquik&quot;,&quot;binCount&quot;:1,&quot;isSelected&quot;:false},{&quot;facetId&quot;:4294967061,&quot;facetName&quot;:&quot;Nestlé&quot;,&quot;binCount&quot;:12,&quot;isSelected&quot;:false},{&quot;facetId&quot;:4294966124,&quot;facetName&quot;:&quot;Olza&quot;,&quot;binCount&quot;:7,&quot;isSelected&quot;:false},{&quot;facetId&quot;:4294965761,&quot;facetName&quot;:&quot;Oshee&quot;,&quot;binCount&quot;:2,&quot;isSelected&quot;:false},{&quot;facetId&quot;:4294966533,&quot;facetName&quot;:&quot;Princessa&quot;,&quot;binCount&quot;:7,&quot;isSelected&quot;:false},{&quot;facetId&quot;:4294966269,&quot;facetName&quot;:&quot;Ryelands Chocolates&quot;,&quot;binCount&quot;:6,&quot;isSelected&quot;:false},{&quot;facetId&quot;:4294966963,&quot;facetName&quot;:&quot;Sante&quot;,&quot;binCount&quot;:11,&quot;isSelected&quot;:false},{&quot;facetId&quot;:4294965793,&quot;facetName&quot;:&quot;Snickers&quot;,&quot;binCount&quot;:2,&quot;isSelected&quot;:false},{&quot;facetId&quot;:4294966902,&quot;facetName&quot;:&quot;Tesco&quot;,&quot;binCount&quot;:16,&quot;isSelected&quot;:false},{&quot;facetId&quot;:4294965791,&quot;facetName&quot;:&quot;Twix&quot;,&quot;binCount&quot;:3,&quot;isSelected&quot;:false},{&quot;facetId&quot;:4294967140,&quot;facetName&quot;:&quot;Wadowice Skawa&quot;,&quot;binCount&quot;:2,&quot;isSelected&quot;:false},{&quot;facetId&quot;:4294967053,&quot;facetName&quot;:&quot;Wawel&quot;,&quot;binCount&quot;:6,&quot;isSelected&quot;:false}]}],&quot;pageInformation&quot;:{&quot;pageSize&quot;:24,&quot;count&quot;:24,&quot;pageCount&quot;:6,&quot;totalCount&quot;:141,&quot;pageNo&quot;:1}},&quot;showBreadcrumb&quot;:true,&quot;breadcrumbs&quot;:[{&quot;label&quot;:&quot;Art. spożywcze&quot;},{&quot;label&quot;:&quot;Słodycze&quot;},{&quot;label&quot;:&quot;Batoniki i wafelki&quot;}],&quot;type&quot;:&quot;category&quot;}"
      data-region="PL" data-using-app-js data-timezone="Europe/Warsaw">
<head>
    <meta charset="utf-8">
    <meta http-equiv="X-UA-Compatible" content="IE=edge">
    <meta name="google-site-verification" content="TL-3qHx_cQc_rPXB1-Go5DKxDx6aIZN6_6IOAExo_AY">
    <script type="text/javascript" src="/groceries/scripts/newreliceum.js"></script>
    <meta name="viewport" content="width=device-width, initial-scale=1.0">
    <meta name="HandheldFriendly" content="True">
    <link rel="canonical" href="https://ezakupy.tesco.pl/groceries/pl-PL/categories/Cat00005768">
    <title>Batoniki i wafelki</title>
    <link rel="alternate" hreflang="pl-PL" href="https://ezakupy.tesco.pl/pl-PL/categories/Cat00005768">
    <link rel="alternate" hreflang="en-PL" href="https://ezakupy.tesco.pl/en-GB/categories/Cat00005768">
    <link rel="apple-touch-icon" href="/groceries/touch-icons/tesco/apple-touch-icon-a0b98856c2.png">
    <link rel="apple-touch-icon" sizes="76x76" href="/groceries/touch-icons/tesco/apple-touch-icon-76x76-6a0a051e9b.png">
    <link rel="apple-touch-icon" sizes="120x120" href="/groceries/touch-icons/tesco/apple-touch-icon-120x120-067b01d70a.png">
    <link rel="apple-touch-icon" sizes="152x152" href="/groceries/touch-icons/tesco/apple-touch-icon-152x152-ec8cd92916.png">
    <link rel="apple-touch-icon" sizes="180x180" href="/groceries/touch-icons/tesco/apple-touch-icon-180x180-102f6d85ce.png">
    <link rel="icon" sizes="192x192" href="/groceries/touch-icons/tesco/touch-icon-192x192-e354b2aa0f.png">
    <link id="favicon" rel="shortcut icon" type="image/png" href="/groceries/touch-icons/tesco/favicon-9636e8991a.png"><!--[if gt IE 9]><!-->
    <link href="/groceries/styles/main/PL-e7a55b8211.css" rel="stylesheet" type="text/css" media="all"><!--<![endif]-->
    <!--[if lte IE 9]>
    <link href="/groceries/styles/main/PL-shared-cdfa498af8.css" rel="stylesheet" type="text/css" media="all">
    <link href="/groceries/styles/main/PL-small-04c67ddf58.css" rel="stylesheet" type="text/css" media="all">
    <link href="/groceries/styles/main/PL-medium-8d3f1268e1.css" rel="stylesheet" type="text/css" media="all">
    <link href="/groceries/styles/main/PL-large-1f9d403c99.css" rel="stylesheet" type="text/css" media="all">
    <link href="/groceries/styles/main/PL-extra-large-8a3b553b88.css" rel="stylesheet" type="text/css" media="all"><![endif]-->
    <link href="/groceries/styles/icons/data.svg/PL-fba72d7450.css" rel="stylesheet" type="text/css" media="all">
    <script src="/groceries/scripts/modernizr-3b6b315da4.js"></script>
    <script src="/groceries/scripts/rAF-d5eb311bf6.js"></script>
    <script src="//assets.adobedtm.com/07f4803ba7577af91bd0d0bb989cce05e8f2a5c8/satelliteLib-d4c6c62a0633e4d33ac721d1ddec8a505ea39e08.js"></script>
    <!--[if lte IE 8]>
    <script src="/groceries/scripts/respond-b890fb8052.min.js"></script><![endif]--></head>
<body>
<div id="content">
    <div data-reactroot="" data-reactid="1" data-react-checksum="392311950"><span data-reactid="2"></span>
        <div class="content-wrapper" data-reactid="3">
            <div id="header-wrapper" data-reactid="4">
                <div class="utility-bar" data-reactid="5">
                    <div class="utility-bar--wrapper" data-reactid="6">
                        <div class="utility-bar--element" data-reactid="7"><a class="utility-header--register"
                                                                              href="//ezakupy.tesco.pl/groceries/pl-PL/register" rel="nofollow"
                                                                              data-reactid="8">Rejestracja</a></div>
                        <div class="utility-bar--element" data-reactid="9"><a class="utility-header--login" href="//ezakupy.tesco.pl/groceries/pl-PL/login"
                                                                              rel="nofollow" data-reactid="10">Zaloguj się</a></div>
                        <div class="utility-bar--element" data-reactid="11">
                            <div class="utility-header--switch-language" data-reactid="12">
                                <div class="switch-language" data-reactid="13">
                                    <form action="/groceries/pl-PL/language/switch" class="change-language" method="post" data-reactid="14"><input type="hidden"
                                                                                                                                                   name="_csrf"
                                                                                                                                                   value="1Vms0uSf-Oo2nQM1Mwznl_YDwWeNoDyG-2BI"
                                                                                                                                                   data-reactid="15"/><input
                                        type="hidden" name="requestedLang" value="en-GB" data-reactid="16"/><input type="hidden" name="returnUrl"
                                                                                                                   value="/groceries/pl-PL/categories/Cat00005768"
                                                                                                                   data-reactid="17"/>
                                        <button data-reactid="18"><span class="icon-flag icon-flag-gb" data-reactid="19"></span><span class="caption"
                                                                                                                                      data-reactid="20">English</span>
                                        </button>
                                    </form>
                                </div>
                            </div>
                        </div>
                        <div class="utility-bar--element" data-reactid="21"><a class="utility-header--help" href="http://www.tesco.pl/ezakupy/pomoc.php"
                                                                               rel="help" target="_blank" data-reactid="22">
                            <button class="utility-header--help-button" data-reactid="23">Pomoc</button>
                        </a></div>
                    </div>
                </div>
                <div class="sticky-header-container" data-reactid="24">
                    <div class="spacer-header" data-reactid="25">
                        <div class="header-spacer" data-reactid="26"></div>
                    </div>
                    <div class="sticky-header" data-reactid="27">
                        <div data-reactid="28">
                            <header class="main-header small-header fixed" data-reactid="29">
                                <div class="main-header-inner" data-reactid="30"><a aria-controls="nav" aria-haspopup="true" aria-label="toggle navigation"
                                                                                    class="main-header-button main-header-icon-button icon icon-burger_menu_icon pull-left"
                                                                                    href="#nav" role="button" data-reactid="31"></a>
                                    <div data-reactid="32"><a class="header--main-logo icon-tesco_logo pull-left" href="//ezakupy.tesco.pl/groceries/pl-PL/"
                                                              title="Tesco" data-reactid="33"></a><a class="header--main-logo icon-brand-logo-large pull-left"
                                                                                                     href="//ezakupy.tesco.pl/groceries/pl-PL/" title="Tesco"
                                                                                                     data-reactid="34"></a></div>
                                    <a class="trolley-guide-price-link"
                                       href="/groceries/pl-PL/trolley?return-url=%2Fgroceries%2Fpl-PL%2Fcategories%2FCat00005768" title="Koszyk"
                                       data-reactid="35">
                                        <div class="header-guide-price" data-product-count="0" data-reactid="36">
                                            <div class="header-guide-price--container main-container" data-reactid="37"><span class="icon-cart"
                                                                                                                              data-reactid="38"></span></div>
                                            <div class="header-guide-price--container status-container" data-reactid="39"><span
                                                class="header-guide-price--spinner" data-reactid="40"></span></div>
                                        </div>
                                    </a>
                                    <div class="divider pull-right" data-reactid="41"></div>
                                    <label class="icon-search search-link pull-right noselect" for="toggle-search" role="button" title="Szukaj"
                                           data-reactid="42"></label></div>
                                <input type="checkbox" id="toggle-search" data-reactid="43"/>
                                <div aria-hidden="true" class="main-header-search-container search-form--container" id="search-form" data-reactid="44">
                                    <form action="/groceries/pl-PL/search" method="get" novalidate="" role="search" class="search-form--form" data-reactid="45">
                                        <label class="obscure" for="query" data-reactid="46">Szukaj</label><input type="search" autocapitalize="false"
                                                                                                                  class="js-search-input" id="query"
                                                                                                                  name="query-1Vms0uSf-Oo2nQM1Mwznl_YDwWeNoDyG-2BI"
                                                                                                                  placeholder="Szukaj" spellcheck="false"
                                                                                                                  value="" data-reactid="47"/>
                                        <button type="submit" class="submit icon-search-white" data-reactid="48">Szukaj</button>
                                        <span class="icon-search-faded" data-reactid="49"></span></form>
                                </div>
                            </header>
                            <div aria-hidden="true" class="overlay" data-reactid="50"></div>
                        </div>
                    </div>
                </div>
                <div data-reactid="51">
                    <header class="header--search-large" data-reactid="52">
                        <div class="header--container" data-reactid="53">
                            <div class="header--floors-container" data-reactid="54">
                                <div class="header--floors" data-reactid="55">
                                    <div class="header--top-floor-container" data-reactid="56">
                                        <div class="header--top-floor-content-wrapper" data-reactid="57">
                                            <div class="header--top-floor grid" data-reactid="58">
                                                <div class="header--brand-logo-link-section" data-reactid="59"><a aria-controls="nav" aria-haspopup="true"
                                                                                                                  aria-label="toggle navigation"
                                                                                                                  class="header--burger-menu icon-burger_menu_icon"
                                                                                                                  href="#nav" data-reactid="60"></a>
                                                    <div data-reactid="61"><a class="header--main-logo icon-tesco_logo pull-left"
                                                                              href="//ezakupy.tesco.pl/groceries/pl-PL/" title="Tesco" data-reactid="62"></a><a
                                                        class="header--main-logo icon-brand-logo-large pull-left" href="//ezakupy.tesco.pl/groceries/pl-PL/"
                                                        title="Tesco" data-reactid="63"></a></div>
                                                </div>
                                                <div aria-hidden="false" class="search-form--container" id="search-form" data-reactid="64">
                                                    <div aria-hidden="true" class="overlay" data-reactid="65"></div>
                                                    <form class="search-form--form" action="/groceries/pl-PL/search" method="get" novalidate="" role="search"
                                                          data-reactid="66"><input type="hidden" name="_csrf" value="1Vms0uSf-Oo2nQM1Mwznl_YDwWeNoDyG-2BI"
                                                                                   data-reactid="67"/><label class="obscure" for="query" data-reactid="68">Szukaj</label><input
                                                        type="search" autocapitalize="off" autocomplete="off" autocorrect="off" class="js-search-input"
                                                        id="query" name="query" placeholder="Szukaj" spellcheck="false" value="" data-reactid="69"/>
                                                        <button type="submit" class="submit icon-search-white" data-reactid="70">Szukaj</button>
                                                        <span class="icon-search-faded" data-reactid="71"></span></form>
                                                </div>
                                            </div>
                                            <div class="header--trolley-header" data-reactid="72"><a class="trolley-guide-price-link"
                                                                                                     href="/groceries/pl-PL/trolley?return-url=%2Fgroceries%2Fpl-PL%2Fcategories%2FCat00005768"
                                                                                                     title="Koszyk" data-reactid="73">
                                                <div class="header-guide-price" data-product-count="0" data-reactid="74">
                                                    <div class="header-guide-price--container main-container" data-reactid="75"><span class="icon-cart"
                                                                                                                                      data-reactid="76"></span>
                                                    </div>
                                                    <div class="header-guide-price--container status-container" data-reactid="77"><span
                                                        class="header-guide-price--spinner" data-reactid="78"></span></div>
                                                </div>
                                            </a></div>
                                        </div>
                                    </div>
                                    <div class="header--ground-floor-container" data-reactid="79">
                                        <div class="header--ground-floor-content-wrapper" data-reactid="80">
                                            <div class="header--ground-floor" data-reactid="81">
                                                <nav class="big-nav" role="navigation" data-reactid="82">
                                                    <div class="nav-items" role="menu" data-reactid="83"><span class="nav-item--wrapper" data-reactid="84"><a
                                                        class="nav-item chevron" href="/groceries/pl-PL/shop" role="menuitem" data-reactid="85"><span
                                                        data-reactid="86"><!-- react-text: 87 -->Ezakupy<!-- /react-text --><span
                                                        class="chevron-icon icon-header_down_triangle" data-reactid="88"></span></span></a></span><span
                                                        class="nav-item--wrapper" data-reactid="89"><a class="nav-item" href="/groceries/pl-PL/promotions"
                                                                                                       role="menuitem" data-reactid="90"><span
                                                        data-reactid="91"><!-- react-text: 92 -->Promocje<!-- /react-text --><span
                                                        class="chevron-icon icon-header_down_triangle" data-reactid="93"></span></span></a></span><span
                                                        class="nav-item--wrapper" data-reactid="94"><a class="nav-item" href="/groceries/pl-PL/favorites"
                                                                                                       role="menuitem" data-reactid="95"><span
                                                        data-reactid="96"><!-- react-text: 97 -->Poprzednio zakupione<!-- /react-text --><span
                                                        class="chevron-icon icon-header_down_triangle" data-reactid="98"></span></span></a></span>
                                                        <!-- react-empty: 99 --></div>
                                                    <div class="navigation-menu-container" data-reactid="100">
                                                        <div class="navigation-menu-content-wrapper grid" data-reactid="101">
                                                            <ul class="navigation-menu menu-superdepartment" role="menu" tabindex="0" data-reactid="102">
                                                                <li class="menu-superdepartment-0" role="menuitem" data-reactid="103"><a
                                                                    class="navigation-menu--link" href="/groceries/pl-PL/shop/warzywa-owoce"
                                                                    style="display:inline-block;width:100%;" data-reactid="104"><span class="menu-item-wrapper"
                                                                                                                                      data-reactid="105"><div
                                                                    class="chevrons" data-reactid="106"><span class="chevron icon-chevron_right-light_div"
                                                                                                              data-reactid="107"></span><span
                                                                    class="chevron icon-chevron_right" data-reactid="108"></span></div><span
                                                                    class="menu-item-name" data-reactid="109">Warzywa, owoce</span></span></a></li>
                                                                <li class="menu-superdepartment-1" role="menuitem" data-reactid="110"><a
                                                                    class="navigation-menu--link" href="/groceries/pl-PL/shop/pieczywo-cukiernia"
                                                                    style="display:inline-block;width:100%;" data-reactid="111"><span class="menu-item-wrapper"
                                                                                                                                      data-reactid="112"><div
                                                                    class="chevrons" data-reactid="113"><span class="chevron icon-chevron_right-light_div"
                                                                                                              data-reactid="114"></span><span
                                                                    class="chevron icon-chevron_right" data-reactid="115"></span></div><span
                                                                    class="menu-item-name" data-reactid="116">Pieczywo, cukiernia</span></span></a></li>
                                                                <li class="menu-superdepartment-2" role="menuitem" data-reactid="117"><a
                                                                    class="navigation-menu--link" href="/groceries/pl-PL/shop/produkty-swieze"
                                                                    style="display:inline-block;width:100%;" data-reactid="118"><span class="menu-item-wrapper"
                                                                                                                                      data-reactid="119"><div
                                                                    class="chevrons" data-reactid="120"><span class="chevron icon-chevron_right-light_div"
                                                                                                              data-reactid="121"></span><span
                                                                    class="chevron icon-chevron_right" data-reactid="122"></span></div><span
                                                                    class="menu-item-name" data-reactid="123">Produkty świeże</span></span></a></li>
                                                                <li class="menu-superdepartment-3" role="menuitem" data-reactid="124"><a
                                                                    class="navigation-menu--link" href="/groceries/pl-PL/shop/mrozonki"
                                                                    style="display:inline-block;width:100%;" data-reactid="125"><span class="menu-item-wrapper"
                                                                                                                                      data-reactid="126"><div
                                                                    class="chevrons" data-reactid="127"><span class="chevron icon-chevron_right-light_div"
                                                                                                              data-reactid="128"></span><span
                                                                    class="chevron icon-chevron_right" data-reactid="129"></span></div><span
                                                                    class="menu-item-name" data-reactid="130">Mrożonki</span></span></a></li>
                                                                <li class="menu-superdepartment-4" role="menuitem" data-reactid="131"><a
                                                                    class="navigation-menu--link" href="/groceries/pl-PL/shop/art-spozywcze"
                                                                    style="display:inline-block;width:100%;" data-reactid="132"><span class="menu-item-wrapper"
                                                                                                                                      data-reactid="133"><div
                                                                    class="chevrons" data-reactid="134"><span class="chevron icon-chevron_right-light_div"
                                                                                                              data-reactid="135"></span><span
                                                                    class="chevron icon-chevron_right" data-reactid="136"></span></div><span
                                                                    class="menu-item-name" data-reactid="137">Art. spożywcze</span></span></a></li>
                                                                <li class="menu-superdepartment-5" role="menuitem" data-reactid="138"><a
                                                                    class="navigation-menu--link" href="/groceries/pl-PL/shop/napoje"
                                                                    style="display:inline-block;width:100%;" data-reactid="139"><span class="menu-item-wrapper"
                                                                                                                                      data-reactid="140"><div
                                                                    class="chevrons" data-reactid="141"><span class="chevron icon-chevron_right-light_div"
                                                                                                              data-reactid="142"></span><span
                                                                    class="chevron icon-chevron_right" data-reactid="143"></span></div><span
                                                                    class="menu-item-name" data-reactid="144">Napoje</span></span></a></li>
                                                                <li class="menu-superdepartment-6" role="menuitem" data-reactid="145"><a
                                                                    class="navigation-menu--link" href="/groceries/pl-PL/shop/chemia-kosmetyki"
                                                                    style="display:inline-block;width:100%;" data-reactid="146"><span class="menu-item-wrapper"
                                                                                                                                      data-reactid="147"><div
                                                                    class="chevrons" data-reactid="148"><span class="chevron icon-chevron_right-light_div"
                                                                                                              data-reactid="149"></span><span
                                                                    class="chevron icon-chevron_right" data-reactid="150"></span></div><span
                                                                    class="menu-item-name" data-reactid="151">Chemia, kosmetyki</span></span></a></li>
                                                                <li class="menu-superdepartment-7" role="menuitem" data-reactid="152"><a
                                                                    class="navigation-menu--link" href="/groceries/pl-PL/shop/dla-dzieci"
                                                                    style="display:inline-block;width:100%;" data-reactid="153"><span class="menu-item-wrapper"
                                                                                                                                      data-reactid="154"><div
                                                                    class="chevrons" data-reactid="155"><span class="chevron icon-chevron_right-light_div"
                                                                                                              data-reactid="156"></span><span
                                                                    class="chevron icon-chevron_right" data-reactid="157"></span></div><span
                                                                    class="menu-item-name" data-reactid="158">Dla dzieci</span></span></a></li>
                                                                <li class="menu-superdepartment-8" role="menuitem" data-reactid="159"><a
                                                                    class="navigation-menu--link" href="/groceries/pl-PL/shop/dla-zwierzat"
                                                                    style="display:inline-block;width:100%;" data-reactid="160"><span class="menu-item-wrapper"
                                                                                                                                      data-reactid="161"><div
                                                                    class="chevrons" data-reactid="162"><span class="chevron icon-chevron_right-light_div"
                                                                                                              data-reactid="163"></span><span
                                                                    class="chevron icon-chevron_right" data-reactid="164"></span></div><span
                                                                    class="menu-item-name" data-reactid="165">Dla zwierząt</span></span></a></li>
                                                                <li class="menu-superdepartment-9" role="menuitem" data-reactid="166"><a
                                                                    class="navigation-menu--link" href="/groceries/pl-PL/shop/art-przemyslowe"
                                                                    style="display:inline-block;width:100%;" data-reactid="167"><span class="menu-item-wrapper"
                                                                                                                                      data-reactid="168"><div
                                                                    class="chevrons" data-reactid="169"><span class="chevron icon-chevron_right-light_div"
                                                                                                              data-reactid="170"></span><span
                                                                    class="chevron icon-chevron_right" data-reactid="171"></span></div><span
                                                                    class="menu-item-name" data-reactid="172">Art. przemysłowe</span></span></a></li>
                                                            </ul>
                                                        </div>
                                                    </div>
                                                    <div aria-hidden="true" class="overlay" data-reactid="173"></div>
                                                </nav>
                                            </div>
                                            <div class="header--trolley-header" data-reactid="174"><a class="trolley-guide-price-link"
                                                                                                      href="/groceries/pl-PL/trolley?return-url=%2Fgroceries%2Fpl-PL%2Fcategories%2FCat00005768"
                                                                                                      title="Koszyk" data-reactid="175">
                                                <div class="header-guide-price" data-product-count="0" data-reactid="176">
                                                    <div class="header-guide-price--container main-container" data-reactid="177"><span class="icon-cart"
                                                                                                                                       data-reactid="178"></span>
                                                    </div>
                                                    <div class="header-guide-price--container status-container" data-reactid="179"><span
                                                        class="header-guide-price--spinner" data-reactid="180"></span></div>
                                                </div>
                                            </a></div>
                                        </div>
                                    </div>
                                </div>
                            </div>
                        </div>
                    </header>
                </div>
            </div>
            <div role="main" class="no-spacing has-trolley main" data-reactid="181">
                <div class="results-page" data-reactid="182">
                    <div data-reactid="183"></div>
                    <div id="product-list" class="page-container" data-reactid="184">
                        <div id="top" data-reactid="185"></div>
                        <a class="hidden hidden-medium hidden-large" rel="nofollow" href="#top" id="scroll-to-top-button" aria-label="Do góry"
                           data-reactid="186"></a>
                        <div class="product-list-view has-trolley" data-reactid="187">
                            <div class="plp--breadcrumbs" data-reactid="188"><span class="plp--breadcrumbs--crumb" data-reactid="189">Art. spożywcze</span><span
                                class="plp--breadcrumbs--crumb" data-reactid="190">Słodycze</span><span
                                class="plp--breadcrumbs--crumb plp--breadcrumbs--last-crumb" data-reactid="191">Batoniki i wafelki</span></div>
                            <div class="heading-label" data-reactid="192"><h1 class="heading query" data-reactid="193">Batoniki i wafelki</h1></div>
                            <div data-reactid="194">
                                <div class="product-list-container" data-reactid="195">
                                    <div class="product-filter fancy-filter" data-reactid="196">
                                        <div class="filter-and-sort" data-reactid="197">
                                            <div class="new-filter-by" data-reactid="198"><span class="items-count-filter-caption"
                                                                                                data-reactid="199">141 szt</span><span
                                                class="sort-and-filter-section-label" data-reactid="200">Filtruj wg:</span>
                                                <div class="selects-row grid" data-reactid="201">
                                                    <div class="filter-select-container filter-select-merged" data-reactid="202">
                                                        <div class="filter-select" data-reactid="203"><span class="filter-select--label generic-filter-label"
                                                                                                            data-reactid="204">Wybierz</span><span
                                                            class="icon icon-header_down_triangle" data-reactid="205"></span></div>
                                                    </div>
                                                    <div class="filter-select-container" data-reactid="206">
                                                        <div class="filter-select" data-reactid="207"><span class="filter-select--label specific-filter-label"
                                                                                                            data-reactid="208">3 Kategorie</span><span
                                                            class="icon icon-header_down_triangle" data-reactid="209"></span></div>
                                                    </div>
                                                    <div class="filter-select-container" data-reactid="210">
                                                        <div class="filter-select" data-reactid="211"><span class="filter-select--label specific-filter-label"
                                                                                                            data-reactid="212">33 Marki</span><span
                                                            class="icon icon-header_down_triangle" data-reactid="213"></span></div>
                                                    </div>
                                                    <div class="filter-select-container sort-control-container" data-reactid="214">
                                                        <div class="sort-control-label" data-reactid="215">Sortuj wg:</div>
                                                        <select class="filter-select sort-control" data-reactid="216">
                                                            <option value="default" data-reactid="217">Domyślny</option>
                                                            <option value="title-ascending" data-reactid="218">Nazwa: A-Z</option>
                                                            <option value="title-descending" data-reactid="219">Nazwa: Z-A</option>
                                                            <option value="price-ascending" data-reactid="220">Cena: od najtańszych</option>
                                                            <option value="price-descending" data-reactid="221">Cena: od najdroższych</option>
                                                            <option value="relevance" data-reactid="222">Trafność</option>
                                                        </select><span class="icon icon-header_down_triangle" data-reactid="223"></span></div>
                                                    <ul class="promotions-selector-wrapper" data-reactid="224">
                                                        <li class="promotions-selector filter-checkbox--container" data-reactid="225"><a
                                                            href="/groceries/pl-PL/categories/Cat00005768?viewAll=promotion&amp;promotion=4294967255"
                                                            rel="nofollow" data-reactid="226">
                                                            <div class="checkbox" data-reactid="227"><input type="checkbox"
                                                                                                            id="filter-checkbox--promotions-selector"
                                                                                                            name="filter-checkbox--promotions-selector"
                                                                                                            data-reactid="228"/>
                                                                <div class="checkbox-square" data-reactid="229"></div>
                                                                <div class="checkbox-check icon-tick-white" data-reactid="230"></div>
                                                                <label class="checkbox-label" for="filter-checkbox--promotions-selector" title="Promocje"
                                                                       data-reactid="231"><span class="filter-label--line--inline"
                                                                                                data-reactid="232">Promocje</span><span
                                                                    class="filter-label--line--inline" data-reactid="233"> (6)</span></label></div>
                                                        </a></li>
                                                    </ul>
                                                </div>
                                                <div class="filter-options-container smooth-top-left" data-reactid="234">
                                                    <div class="filter-options" data-reactid="235">
                                                        <div class="filter-options-inner filter-options--inner--contracted" data-reactid="236"><p
                                                            class="filter-options-label" data-reactid="237">Kategorie</p>
                                                            <ul data-reactid="238">
                                                                <li class="current-filters" data-reactid="239">
                                                                    <ul data-reactid="240">
                                                                        <li class="filter-checkbox--container" data-reactid="241"><a
                                                                            href="/groceries/pl-PL/categories/Cat00005768?shelf=4294967052&amp;viewAll=shelf"
                                                                            rel="nofollow" data-reactid="242">
                                                                            <div class="checkbox" data-reactid="243"><input type="checkbox"
                                                                                                                            id="filter-checkbox--4294967052"
                                                                                                                            name="filter-checkbox--4294967052"
                                                                                                                            data-reactid="244"/>
                                                                                <div class="checkbox-square" data-reactid="245"></div>
                                                                                <div class="checkbox-check icon-tick-white" data-reactid="246"></div>
                                                                                <label class="checkbox-label" for="filter-checkbox--4294967052" title="Batoniki"
                                                                                       data-reactid="247"><span class="filter-label--line--inline"
                                                                                                                data-reactid="248">Batoniki</span><span
                                                                                    class="filter-label--line--inline" data-reactid="249"> (106)</span></label>
                                                                            </div>
                                                                        </a></li>
                                                                        <li class="filter-checkbox--container" data-reactid="250"><a
                                                                            href="/groceries/pl-PL/categories/Cat00005768?shelf=4294966168&amp;viewAll=shelf"
                                                                            rel="nofollow" data-reactid="251">
                                                                            <div class="checkbox" data-reactid="252"><input type="checkbox"
                                                                                                                            id="filter-checkbox--4294966168"
                                                                                                                            name="filter-checkbox--4294966168"
                                                                                                                            data-reactid="253"/>
                                                                                <div class="checkbox-square" data-reactid="254"></div>
                                                                                <div class="checkbox-check icon-tick-white" data-reactid="255"></div>
                                                                                <label class="checkbox-label" for="filter-checkbox--4294966168"
                                                                                       title="Batony musli" data-reactid="256"><span
                                                                                    class="filter-label--line--inline"
                                                                                    data-reactid="257">Batony musli</span><span
                                                                                    class="filter-label--line--inline" data-reactid="258"> (27)</span></label>
                                                                            </div>
                                                                        </a></li>
                                                                        <li class="filter-checkbox--container" data-reactid="259"><a
                                                                            href="/groceries/pl-PL/categories/Cat00005768?shelf=4294967136&amp;viewAll=shelf"
                                                                            rel="nofollow" data-reactid="260">
                                                                            <div class="checkbox" data-reactid="261"><input type="checkbox"
                                                                                                                            id="filter-checkbox--4294967136"
                                                                                                                            name="filter-checkbox--4294967136"
                                                                                                                            data-reactid="262"/>
                                                                                <div class="checkbox-square" data-reactid="263"></div>
                                                                                <div class="checkbox-check icon-tick-white" data-reactid="264"></div>
                                                                                <label class="checkbox-label" for="filter-checkbox--4294967136" title="Wafelki"
                                                                                       data-reactid="265"><span class="filter-label--line--inline"
                                                                                                                data-reactid="266">Wafelki</span><span
                                                                                    class="filter-label--line--inline" data-reactid="267"> (8)</span></label>
                                                                            </div>
                                                                        </a></li>
                                                                    </ul>
                                                                </li>
                                                            </ul>
                                                        </div>
                                                        <span class="filter-options-close icon icon-delete_cross" data-reactid="268"></span></div>
                                                </div>
                                                <div class="filter-options-container" data-reactid="269">
                                                    <div class="filter-options" data-reactid="270">
                                                        <div class="filter-options-inner filter-options--inner--contracted" data-reactid="271"><p
                                                            class="filter-options-label" data-reactid="272">Marki</p>
                                                            <ul data-reactid="273">
                                                                <li class="current-filters" data-reactid="274">
                                                                    <ul data-reactid="275">
                                                                        <li class="filter-checkbox--container" data-reactid="276"><a
                                                                            href="/groceries/pl-PL/categories/Cat00005768?brand=4294965747&amp;viewAll=brand"
                                                                            rel="nofollow" data-reactid="277">
                                                                            <div class="checkbox" data-reactid="278"><input type="checkbox"
                                                                                                                            id="filter-checkbox--4294965747"
                                                                                                                            name="filter-checkbox--4294965747"
                                                                                                                            data-reactid="279"/>
                                                                                <div class="checkbox-square" data-reactid="280"></div>
                                                                                <div class="checkbox-check icon-tick-white" data-reactid="281"></div>
                                                                                <label class="checkbox-label" for="filter-checkbox--4294965747" title="3Bit"
                                                                                       data-reactid="282"><span class="filter-label--line--inline"
                                                                                                                data-reactid="283">3Bit</span><span
                                                                                    class="filter-label--line--inline" data-reactid="284"> (2)</span></label>
                                                                            </div>
                                                                        </a></li>
                                                                        <li class="filter-checkbox--container" data-reactid="285"><a
                                                                            href="/groceries/pl-PL/categories/Cat00005768?brand=4294966509&amp;viewAll=brand"
                                                                            rel="nofollow" data-reactid="286">
                                                                            <div class="checkbox" data-reactid="287"><input type="checkbox"
                                                                                                                            id="filter-checkbox--4294966509"
                                                                                                                            name="filter-checkbox--4294966509"
                                                                                                                            data-reactid="288"/>
                                                                                <div class="checkbox-square" data-reactid="289"></div>
                                                                                <div class="checkbox-check icon-tick-white" data-reactid="290"></div>
                                                                                <label class="checkbox-label" for="filter-checkbox--4294966509"
                                                                                       title="Bakalland" data-reactid="291"><span
                                                                                    class="filter-label--line--inline" data-reactid="292">Bakalland</span><span
                                                                                    class="filter-label--line--inline" data-reactid="293"> (4)</span></label>
                                                                            </div>
                                                                        </a></li>
                                                                        <li class="filter-checkbox--container" data-reactid="294"><a
                                                                            href="/groceries/pl-PL/categories/Cat00005768?brand=4294966803&amp;viewAll=brand"
                                                                            rel="nofollow" data-reactid="295">
                                                                            <div class="checkbox" data-reactid="296"><input type="checkbox"
                                                                                                                            id="filter-checkbox--4294966803"
                                                                                                                            name="filter-checkbox--4294966803"
                                                                                                                            data-reactid="297"/>
                                                                                <div class="checkbox-square" data-reactid="298"></div>
                                                                                <div class="checkbox-check icon-tick-white" data-reactid="299"></div>
                                                                                <label class="checkbox-label" for="filter-checkbox--4294966803" title="Bounty"
                                                                                       data-reactid="300"><span class="filter-label--line--inline"
                                                                                                                data-reactid="301">Bounty</span><span
                                                                                    class="filter-label--line--inline" data-reactid="302"> (1)</span></label>
                                                                            </div>
                                                                        </a></li>
                                                                        <li class="filter-checkbox--container" data-reactid="303"><a
                                                                            href="/groceries/pl-PL/categories/Cat00005768?brand=4294965729&amp;viewAll=brand"
                                                                            rel="nofollow" data-reactid="304">
                                                                            <div class="checkbox" data-reactid="305"><input type="checkbox"
                                                                                                                            id="filter-checkbox--4294965729"
                                                                                                                            name="filter-checkbox--4294965729"
                                                                                                                            data-reactid="306"/>
                                                                                <div class="checkbox-square" data-reactid="307"></div>
                                                                                <div class="checkbox-check icon-tick-white" data-reactid="308"></div>
                                                                                <label class="checkbox-label" for="filter-checkbox--4294965729"
                                                                                       title="Breakfast King" data-reactid="309"><span
                                                                                    class="filter-label--line--inline"
                                                                                    data-reactid="310">Breakfast King</span><span
                                                                                    class="filter-label--line--inline" data-reactid="311"> (2)</span></label>
                                                                            </div>
                                                                        </a></li>
                                                                        <li class="filter-checkbox--container" data-reactid="312"><a
                                                                            href="/groceries/pl-PL/categories/Cat00005768?brand=4294964812&amp;viewAll=brand"
                                                                            rel="nofollow" data-reactid="313">
                                                                            <div class="checkbox" data-reactid="314"><input type="checkbox"
                                                                                                                            id="filter-checkbox--4294964812"
                                                                                                                            name="filter-checkbox--4294964812"
                                                                                                                            data-reactid="315"/>
                                                                                <div class="checkbox-square" data-reactid="316"></div>
                                                                                <div class="checkbox-check icon-tick-white" data-reactid="317"></div>
                                                                                <label class="checkbox-label" for="filter-checkbox--4294964812" title="Corny"
                                                                                       data-reactid="318"><span class="filter-label--line--inline"
                                                                                                                data-reactid="319">Corny</span><span
                                                                                    class="filter-label--line--inline" data-reactid="320"> (2)</span></label>
                                                                            </div>
                                                                        </a></li>
                                                                        <li class="filter-checkbox--container" data-reactid="321"><a
                                                                            href="/groceries/pl-PL/categories/Cat00005768?brand=4294965589&amp;viewAll=brand"
                                                                            rel="nofollow" data-reactid="322">
                                                                            <div class="checkbox" data-reactid="323"><input type="checkbox"
                                                                                                                            id="filter-checkbox--4294965589"
                                                                                                                            name="filter-checkbox--4294965589"
                                                                                                                            data-reactid="324"/>
                                                                                <div class="checkbox-square" data-reactid="325"></div>
                                                                                <div class="checkbox-check icon-tick-white" data-reactid="326"></div>
                                                                                <label class="checkbox-label" for="filter-checkbox--4294965589"
                                                                                       title="Country Barn" data-reactid="327"><span
                                                                                    class="filter-label--line--inline"
                                                                                    data-reactid="328">Country Barn</span><span
                                                                                    class="filter-label--line--inline" data-reactid="329"> (5)</span></label>
                                                                            </div>
                                                                        </a></li>
                                                                        <li class="filter-checkbox--container" data-reactid="330"><a
                                                                            href="/groceries/pl-PL/categories/Cat00005768?brand=4294965434&amp;viewAll=brand"
                                                                            rel="nofollow" data-reactid="331">
                                                                            <div class="checkbox" data-reactid="332"><input type="checkbox"
                                                                                                                            id="filter-checkbox--4294965434"
                                                                                                                            name="filter-checkbox--4294965434"
                                                                                                                            data-reactid="333"/>
                                                                                <div class="checkbox-square" data-reactid="334"></div>
                                                                                <div class="checkbox-check icon-tick-white" data-reactid="335"></div>
                                                                                <label class="checkbox-label" for="filter-checkbox--4294965434" title="Duplo"
                                                                                       data-reactid="336"><span class="filter-label--line--inline"
                                                                                                                data-reactid="337">Duplo</span><span
                                                                                    class="filter-label--line--inline" data-reactid="338"> (2)</span></label>
                                                                            </div>
                                                                        </a></li>
                                                                        <li class="filter-checkbox--container" data-reactid="339"><a
                                                                            href="/groceries/pl-PL/categories/Cat00005768?brand=4294965812&amp;viewAll=brand"
                                                                            rel="nofollow" data-reactid="340">
                                                                            <div class="checkbox" data-reactid="341"><input type="checkbox"
                                                                                                                            id="filter-checkbox--4294965812"
                                                                                                                            name="filter-checkbox--4294965812"
                                                                                                                            data-reactid="342"/>
                                                                                <div class="checkbox-square" data-reactid="343"></div>
                                                                                <div class="checkbox-check icon-tick-white" data-reactid="344"></div>
                                                                                <label class="checkbox-label" for="filter-checkbox--4294965812" title="E. Wedel"
                                                                                       data-reactid="345"><span class="filter-label--line--inline"
                                                                                                                data-reactid="346">E. Wedel</span><span
                                                                                    class="filter-label--line--inline" data-reactid="347"> (10)</span></label>
                                                                            </div>
                                                                        </a></li>
                                                                        <li class="filter-checkbox--container" data-reactid="348"><a
                                                                            href="/groceries/pl-PL/categories/Cat00005768?brand=4294967270&amp;viewAll=brand"
                                                                            rel="nofollow" data-reactid="349">
                                                                            <div class="checkbox" data-reactid="350"><input type="checkbox"
                                                                                                                            id="filter-checkbox--4294967270"
                                                                                                                            name="filter-checkbox--4294967270"
                                                                                                                            data-reactid="351"/>
                                                                                <div class="checkbox-square" data-reactid="352"></div>
                                                                                <div class="checkbox-check icon-tick-white" data-reactid="353"></div>
                                                                                <label class="checkbox-label" for="filter-checkbox--4294967270" title="Figaro"
                                                                                       data-reactid="354"><span class="filter-label--line--inline"
                                                                                                                data-reactid="355">Figaro</span><span
                                                                                    class="filter-label--line--inline" data-reactid="356"> (1)</span></label>
                                                                            </div>
                                                                        </a></li>
                                                                        <li class="filter-checkbox--container" data-reactid="357"><a
                                                                            href="/groceries/pl-PL/categories/Cat00005768?brand=4294964851&amp;viewAll=brand"
                                                                            rel="nofollow" data-reactid="358">
                                                                            <div class="checkbox" data-reactid="359"><input type="checkbox"
                                                                                                                            id="filter-checkbox--4294964851"
                                                                                                                            name="filter-checkbox--4294964851"
                                                                                                                            data-reactid="360"/>
                                                                                <div class="checkbox-square" data-reactid="361"></div>
                                                                                <div class="checkbox-check icon-tick-white" data-reactid="362"></div>
                                                                                <label class="checkbox-label" for="filter-checkbox--4294964851" title="Góralki"
                                                                                       data-reactid="363"><span class="filter-label--line--inline"
                                                                                                                data-reactid="364">Góralki</span><span
                                                                                    class="filter-label--line--inline" data-reactid="365"> (4)</span></label>
                                                                            </div>
                                                                        </a></li>
                                                                        <li class="filter-checkbox--container" data-reactid="366"><a
                                                                            href="/groceries/pl-PL/categories/Cat00005768?brand=4294965014&amp;viewAll=brand"
                                                                            rel="nofollow" data-reactid="367">
                                                                            <div class="checkbox" data-reactid="368"><input type="checkbox"
                                                                                                                            id="filter-checkbox--4294965014"
                                                                                                                            name="filter-checkbox--4294965014"
                                                                                                                            data-reactid="369"/>
                                                                                <div class="checkbox-square" data-reactid="370"></div>
                                                                                <div class="checkbox-check icon-tick-white" data-reactid="371"></div>
                                                                                <label class="checkbox-label" for="filter-checkbox--4294965014" title="Grześki"
                                                                                       data-reactid="372"><span class="filter-label--line--inline"
                                                                                                                data-reactid="373">Grześki</span><span
                                                                                    class="filter-label--line--inline" data-reactid="374"> (3)</span></label>
                                                                            </div>
                                                                        </a></li>
                                                                        <li class="filter-checkbox--container" data-reactid="375"><a
                                                                            href="/groceries/pl-PL/categories/Cat00005768?brand=4294965668&amp;viewAll=brand"
                                                                            rel="nofollow" data-reactid="376">
                                                                            <div class="checkbox" data-reactid="377"><input type="checkbox"
                                                                                                                            id="filter-checkbox--4294965668"
                                                                                                                            name="filter-checkbox--4294965668"
                                                                                                                            data-reactid="378"/>
                                                                                <div class="checkbox-square" data-reactid="379"></div>
                                                                                <div class="checkbox-check icon-tick-white" data-reactid="380"></div>
                                                                                <label class="checkbox-label" for="filter-checkbox--4294965668" title="Hibbi"
                                                                                       data-reactid="381"><span class="filter-label--line--inline"
                                                                                                                data-reactid="382">Hibbi</span><span
                                                                                    class="filter-label--line--inline" data-reactid="383"> (1)</span></label>
                                                                            </div>
                                                                        </a></li>
                                                                        <li class="filter-checkbox--container" data-reactid="384"><a
                                                                            href="/groceries/pl-PL/categories/Cat00005768?brand=4294967046&amp;viewAll=brand"
                                                                            rel="nofollow" data-reactid="385">
                                                                            <div class="checkbox" data-reactid="386"><input type="checkbox"
                                                                                                                            id="filter-checkbox--4294967046"
                                                                                                                            name="filter-checkbox--4294967046"
                                                                                                                            data-reactid="387"/>
                                                                                <div class="checkbox-square" data-reactid="388"></div>
                                                                                <div class="checkbox-check icon-tick-white" data-reactid="389"></div>
                                                                                <label class="checkbox-label" for="filter-checkbox--4294967046" title="Kinder"
                                                                                       data-reactid="390"><span class="filter-label--line--inline"
                                                                                                                data-reactid="391">Kinder</span><span
                                                                                    class="filter-label--line--inline" data-reactid="392"> (3)</span></label>
                                                                            </div>
                                                                        </a></li>
                                                                        <li class="filter-checkbox--container" data-reactid="393"><a
                                                                            href="/groceries/pl-PL/categories/Cat00005768?brand=4294965697&amp;viewAll=brand"
                                                                            rel="nofollow" data-reactid="394">
                                                                            <div class="checkbox" data-reactid="395"><input type="checkbox"
                                                                                                                            id="filter-checkbox--4294965697"
                                                                                                                            name="filter-checkbox--4294965697"
                                                                                                                            data-reactid="396"/>
                                                                                <div class="checkbox-square" data-reactid="397"></div>
                                                                                <div class="checkbox-check icon-tick-white" data-reactid="398"></div>
                                                                                <label class="checkbox-label" for="filter-checkbox--4294965697" title="KitKat"
                                                                                       data-reactid="399"><span class="filter-label--line--inline"
                                                                                                                data-reactid="400">KitKat</span><span
                                                                                    class="filter-label--line--inline" data-reactid="401"> (5)</span></label>
                                                                            </div>
                                                                        </a></li>
                                                                        <li class="filter-checkbox--container" data-reactid="402"><a
                                                                            href="/groceries/pl-PL/categories/Cat00005768?brand=4294964484&amp;viewAll=brand"
                                                                            rel="nofollow" data-reactid="403">
                                                                            <div class="checkbox" data-reactid="404"><input type="checkbox"
                                                                                                                            id="filter-checkbox--4294964484"
                                                                                                                            name="filter-checkbox--4294964484"
                                                                                                                            data-reactid="405"/>
                                                                                <div class="checkbox-square" data-reactid="406"></div>
                                                                                <div class="checkbox-check icon-tick-white" data-reactid="407"></div>
                                                                                <label class="checkbox-label" for="filter-checkbox--4294964484" title="Kopernik"
                                                                                       data-reactid="408"><span class="filter-label--line--inline"
                                                                                                                data-reactid="409">Kopernik</span><span
                                                                                    class="filter-label--line--inline" data-reactid="410"> (1)</span></label>
                                                                            </div>
                                                                        </a></li>
                                                                        <li class="filter-checkbox--container" data-reactid="411"><a
                                                                            href="/groceries/pl-PL/categories/Cat00005768?brand=4294966819&amp;viewAll=brand"
                                                                            rel="nofollow" data-reactid="412">
                                                                            <div class="checkbox" data-reactid="413"><input type="checkbox"
                                                                                                                            id="filter-checkbox--4294966819"
                                                                                                                            name="filter-checkbox--4294966819"
                                                                                                                            data-reactid="414"/>
                                                                                <div class="checkbox-square" data-reactid="415"></div>
                                                                                <div class="checkbox-check icon-tick-white" data-reactid="416"></div>
                                                                                <label class="checkbox-label" for="filter-checkbox--4294966819" title="Lion"
                                                                                       data-reactid="417"><span class="filter-label--line--inline"
                                                                                                                data-reactid="418">Lion</span><span
                                                                                    class="filter-label--line--inline" data-reactid="419"> (4)</span></label>
                                                                            </div>
                                                                        </a></li>
                                                                        <li class="filter-checkbox--container" data-reactid="420"><a
                                                                            href="/groceries/pl-PL/categories/Cat00005768?brand=4294965792&amp;viewAll=brand"
                                                                            rel="nofollow" data-reactid="421">
                                                                            <div class="checkbox" data-reactid="422"><input type="checkbox"
                                                                                                                            id="filter-checkbox--4294965792"
                                                                                                                            name="filter-checkbox--4294965792"
                                                                                                                            data-reactid="423"/>
                                                                                <div class="checkbox-square" data-reactid="424"></div>
                                                                                <div class="checkbox-check icon-tick-white" data-reactid="425"></div>
                                                                                <label class="checkbox-label" for="filter-checkbox--4294965792" title="Mars"
                                                                                       data-reactid="426"><span class="filter-label--line--inline"
                                                                                                                data-reactid="427">Mars</span><span
                                                                                    class="filter-label--line--inline" data-reactid="428"> (2)</span></label>
                                                                            </div>
                                                                        </a></li>
                                                                        <li class="filter-checkbox--container" data-reactid="429"><a
                                                                            href="/groceries/pl-PL/categories/Cat00005768?brand=4294965624&amp;viewAll=brand"
                                                                            rel="nofollow" data-reactid="430">
                                                                            <div class="checkbox" data-reactid="431"><input type="checkbox"
                                                                                                                            id="filter-checkbox--4294965624"
                                                                                                                            name="filter-checkbox--4294965624"
                                                                                                                            data-reactid="432"/>
                                                                                <div class="checkbox-square" data-reactid="433"></div>
                                                                                <div class="checkbox-check icon-tick-white" data-reactid="434"></div>
                                                                                <label class="checkbox-label" for="filter-checkbox--4294965624" title="Maxer"
                                                                                       data-reactid="435"><span class="filter-label--line--inline"
                                                                                                                data-reactid="436">Maxer</span><span
                                                                                    class="filter-label--line--inline" data-reactid="437"> (1)</span></label>
                                                                            </div>
                                                                        </a></li>
                                                                        <li class="filter-checkbox--container" data-reactid="438"><a
                                                                            href="/groceries/pl-PL/categories/Cat00005768?brand=4294966769&amp;viewAll=brand"
                                                                            rel="nofollow" data-reactid="439">
                                                                            <div class="checkbox" data-reactid="440"><input type="checkbox"
                                                                                                                            id="filter-checkbox--4294966769"
                                                                                                                            name="filter-checkbox--4294966769"
                                                                                                                            data-reactid="441"/>
                                                                                <div class="checkbox-square" data-reactid="442"></div>
                                                                                <div class="checkbox-check icon-tick-white" data-reactid="443"></div>
                                                                                <label class="checkbox-label" for="filter-checkbox--4294966769" title="Milka"
                                                                                       data-reactid="444"><span class="filter-label--line--inline"
                                                                                                                data-reactid="445">Milka</span><span
                                                                                    class="filter-label--line--inline" data-reactid="446"> (7)</span></label>
                                                                            </div>
                                                                        </a></li>
                                                                        <li class="filter-checkbox--container" data-reactid="447"><a
                                                                            href="/groceries/pl-PL/categories/Cat00005768?brand=4294966802&amp;viewAll=brand"
                                                                            rel="nofollow" data-reactid="448">
                                                                            <div class="checkbox" data-reactid="449"><input type="checkbox"
                                                                                                                            id="filter-checkbox--4294966802"
                                                                                                                            name="filter-checkbox--4294966802"
                                                                                                                            data-reactid="450"/>
                                                                                <div class="checkbox-square" data-reactid="451"></div>
                                                                                <div class="checkbox-check icon-tick-white" data-reactid="452"></div>
                                                                                <label class="checkbox-label" for="filter-checkbox--4294966802"
                                                                                       title="Milky Way" data-reactid="453"><span
                                                                                    class="filter-label--line--inline" data-reactid="454">Milky Way</span><span
                                                                                    class="filter-label--line--inline" data-reactid="455"> (3)</span></label>
                                                                            </div>
                                                                        </a></li>
                                                                        <li class="filter-checkbox--container" data-reactid="456"><a
                                                                            href="/groceries/pl-PL/categories/Cat00005768?brand=4294964003&amp;viewAll=brand"
                                                                            rel="nofollow" data-reactid="457">
                                                                            <div class="checkbox" data-reactid="458"><input type="checkbox"
                                                                                                                            id="filter-checkbox--4294964003"
                                                                                                                            name="filter-checkbox--4294964003"
                                                                                                                            data-reactid="459"/>
                                                                                <div class="checkbox-square" data-reactid="460"></div>
                                                                                <div class="checkbox-check icon-tick-white" data-reactid="461"></div>
                                                                                <label class="checkbox-label" for="filter-checkbox--4294964003"
                                                                                       title="Nature&#x27;s Bakery" data-reactid="462">
                                                                                    <div class="filter-label--line--block" data-reactid="463">Nature&#x27;s
                                                                                    </div>
                                                                                    <span class="filter-label--line--inline filter-label--line--truncate"
                                                                                          data-reactid="464">Bakery</span><span
                                                                                    class="filter-label--line--inline" data-reactid="465"> (3)</span></label>
                                                                            </div>
                                                                        </a></li>
                                                                        <li class="filter-checkbox--container" data-reactid="466"><a
                                                                            href="/groceries/pl-PL/categories/Cat00005768?brand=4294966191&amp;viewAll=brand"
                                                                            rel="nofollow" data-reactid="467">
                                                                            <div class="checkbox" data-reactid="468"><input type="checkbox"
                                                                                                                            id="filter-checkbox--4294966191"
                                                                                                                            name="filter-checkbox--4294966191"
                                                                                                                            data-reactid="469"/>
                                                                                <div class="checkbox-square" data-reactid="470"></div>
                                                                                <div class="checkbox-check icon-tick-white" data-reactid="471"></div>
                                                                                <label class="checkbox-label" for="filter-checkbox--4294966191" title="Nesquik"
                                                                                       data-reactid="472"><span class="filter-label--line--inline"
                                                                                                                data-reactid="473">Nesquik</span><span
                                                                                    class="filter-label--line--inline" data-reactid="474"> (1)</span></label>
                                                                            </div>
                                                                        </a></li>
                                                                        <li class="filter-checkbox--container" data-reactid="475"><a
                                                                            href="/groceries/pl-PL/categories/Cat00005768?brand=4294967061&amp;viewAll=brand"
                                                                            rel="nofollow" data-reactid="476">
                                                                            <div class="checkbox" data-reactid="477"><input type="checkbox"
                                                                                                                            id="filter-checkbox--4294967061"
                                                                                                                            name="filter-checkbox--4294967061"
                                                                                                                            data-reactid="478"/>
                                                                                <div class="checkbox-square" data-reactid="479"></div>
                                                                                <div class="checkbox-check icon-tick-white" data-reactid="480"></div>
                                                                                <label class="checkbox-label" for="filter-checkbox--4294967061" title="Nestlé"
                                                                                       data-reactid="481"><span class="filter-label--line--inline"
                                                                                                                data-reactid="482">Nestlé</span><span
                                                                                    class="filter-label--line--inline" data-reactid="483"> (12)</span></label>
                                                                            </div>
                                                                        </a></li>
                                                                        <li class="filter-checkbox--container" data-reactid="484"><a
                                                                            href="/groceries/pl-PL/categories/Cat00005768?brand=4294966124&amp;viewAll=brand"
                                                                            rel="nofollow" data-reactid="485">
                                                                            <div class="checkbox" data-reactid="486"><input type="checkbox"
                                                                                                                            id="filter-checkbox--4294966124"
                                                                                                                            name="filter-checkbox--4294966124"
                                                                                                                            data-reactid="487"/>
                                                                                <div class="checkbox-square" data-reactid="488"></div>
                                                                                <div class="checkbox-check icon-tick-white" data-reactid="489"></div>
                                                                                <label class="checkbox-label" for="filter-checkbox--4294966124" title="Olza"
                                                                                       data-reactid="490"><span class="filter-label--line--inline"
                                                                                                                data-reactid="491">Olza</span><span
                                                                                    class="filter-label--line--inline" data-reactid="492"> (7)</span></label>
                                                                            </div>
                                                                        </a></li>
                                                                        <li class="filter-checkbox--container" data-reactid="493"><a
                                                                            href="/groceries/pl-PL/categories/Cat00005768?brand=4294965761&amp;viewAll=brand"
                                                                            rel="nofollow" data-reactid="494">
                                                                            <div class="checkbox" data-reactid="495"><input type="checkbox"
                                                                                                                            id="filter-checkbox--4294965761"
                                                                                                                            name="filter-checkbox--4294965761"
                                                                                                                            data-reactid="496"/>
                                                                                <div class="checkbox-square" data-reactid="497"></div>
                                                                                <div class="checkbox-check icon-tick-white" data-reactid="498"></div>
                                                                                <label class="checkbox-label" for="filter-checkbox--4294965761" title="Oshee"
                                                                                       data-reactid="499"><span class="filter-label--line--inline"
                                                                                                                data-reactid="500">Oshee</span><span
                                                                                    class="filter-label--line--inline" data-reactid="501"> (2)</span></label>
                                                                            </div>
                                                                        </a></li>
                                                                        <li class="filter-checkbox--container" data-reactid="502"><a
                                                                            href="/groceries/pl-PL/categories/Cat00005768?brand=4294966533&amp;viewAll=brand"
                                                                            rel="nofollow" data-reactid="503">
                                                                            <div class="checkbox" data-reactid="504"><input type="checkbox"
                                                                                                                            id="filter-checkbox--4294966533"
                                                                                                                            name="filter-checkbox--4294966533"
                                                                                                                            data-reactid="505"/>
                                                                                <div class="checkbox-square" data-reactid="506"></div>
                                                                                <div class="checkbox-check icon-tick-white" data-reactid="507"></div>
                                                                                <label class="checkbox-label" for="filter-checkbox--4294966533"
                                                                                       title="Princessa" data-reactid="508"><span
                                                                                    class="filter-label--line--inline" data-reactid="509">Princessa</span><span
                                                                                    class="filter-label--line--inline" data-reactid="510"> (7)</span></label>
                                                                            </div>
                                                                        </a></li>
                                                                        <li class="filter-checkbox--container" data-reactid="511"><a
                                                                            href="/groceries/pl-PL/categories/Cat00005768?brand=4294966269&amp;viewAll=brand"
                                                                            rel="nofollow" data-reactid="512">
                                                                            <div class="checkbox" data-reactid="513"><input type="checkbox"
                                                                                                                            id="filter-checkbox--4294966269"
                                                                                                                            name="filter-checkbox--4294966269"
                                                                                                                            data-reactid="514"/>
                                                                                <div class="checkbox-square" data-reactid="515"></div>
                                                                                <div class="checkbox-check icon-tick-white" data-reactid="516"></div>
                                                                                <label class="checkbox-label" for="filter-checkbox--4294966269"
                                                                                       title="Ryelands Chocolates" data-reactid="517">
                                                                                    <div class="filter-label--line--block" data-reactid="518">Ryelands</div>
                                                                                    <span class="filter-label--line--inline filter-label--line--truncate"
                                                                                          data-reactid="519">Chocolates</span><span
                                                                                    class="filter-label--line--inline" data-reactid="520"> (6)</span></label>
                                                                            </div>
                                                                        </a></li>
                                                                        <li class="filter-checkbox--container" data-reactid="521"><a
                                                                            href="/groceries/pl-PL/categories/Cat00005768?brand=4294966963&amp;viewAll=brand"
                                                                            rel="nofollow" data-reactid="522">
                                                                            <div class="checkbox" data-reactid="523"><input type="checkbox"
                                                                                                                            id="filter-checkbox--4294966963"
                                                                                                                            name="filter-checkbox--4294966963"
                                                                                                                            data-reactid="524"/>
                                                                                <div class="checkbox-square" data-reactid="525"></div>
                                                                                <div class="checkbox-check icon-tick-white" data-reactid="526"></div>
                                                                                <label class="checkbox-label" for="filter-checkbox--4294966963" title="Sante"
                                                                                       data-reactid="527"><span class="filter-label--line--inline"
                                                                                                                data-reactid="528">Sante</span><span
                                                                                    class="filter-label--line--inline" data-reactid="529"> (11)</span></label>
                                                                            </div>
                                                                        </a></li>
                                                                    </ul>
                                                                </li>
                                                            </ul>
                                                        </div>
                                                        <span class="filter-options-close icon icon-delete_cross" data-reactid="530"></span></div>
                                                    <div class="more-filters" data-reactid="531"><!-- react-text: 532 -->Więcej Marek<!-- /react-text --><span
                                                        class="icon expand-icon icon-header_down_triangle" data-reactid="533"></span></div>
                                                </div>
                                                <div data-reactid="534">
                                                    <ul class="applied-filters" data-reactid="535"></ul>
                                                </div>
                                            </div>
                                            <div class="filter-by-mobile" data-reactid="536"><a class="button button-secondary small" rel="nofollow"
                                                                                                href="#sort-n-filter" data-reactid="537"><span
                                                data-reactid="538">Sortuj i filtruj</span><span class="items-count" data-reactid="539"> (141)</span></a></div>
                                        </div>
                                        <div class="filter-pillboxes" data-reactid="540"></div>
                                    </div>
                                    <div class="product-lists" data-reactid="541">
                                        <div class="product-lists-wrapper" data-reactid="542">
                                            <div class="product-list--page product-list--current-page" data-reactid="543">
                                                <div class="list-page-1" data-reactid="544">
                                                    <ul class="product-list grid" data-reactid="545">
                                                        <li class="product-list--list-item first" data-reactid="546">
                                                            <div class="product-tile--wrapper" data-reactid="547">
                                                                <div class="product-tile" data-reactid="548">
                                                                    <div class="flexi-tile" data-reactid="549">
                                                                        <div class="tile-content" data-reactid="550"><a class="product-image-wrapper"
                                                                                                                        href="/groceries/pl-PL/products/2003010644941"
                                                                                                                        target="_self" data-reactid="551">
                                                                            <div data-reactid="552">
                                                                                <noscript data-reactid="553"><img
                                                                                    src='https://secure.ce-tescoassets.com/assets/PL/100/7622210416100/ShotType1_135x135.jpg'
                                                                                    alt='' class='product-image' style='display: inline-block'/></noscript>
                                                                                <img alt="" class="product-image" src="/groceries/images/default-image.png"
                                                                                     style="display:none;" data-reactid="554"/></div>
                                                                        </a>
                                                                            <div class="product-details--wrapper" data-reactid="555">
                                                                                <div class="product-details--content" data-reactid="556"><a
                                                                                    href="/groceries/pl-PL/products/2003010644941"
                                                                                    class="product-tile--title product-tile--browsable" data-reactid="557">3Bit
                                                                                    Baton w czekoladzie mlecznej z nadzieniem mlecznym i herbatnikiem 46 g</a>
                                                                                    <!-- react-empty: 558 -->
                                                                                    <div class="price-per-quantity-weight" data-reactid="559"><span
                                                                                        data-reactid="560"><span class="value"
                                                                                                                 data-reactid="561">36,74</span><span
                                                                                        class="space" data-reactid="562"> </span><span class="currency"
                                                                                                                                       data-reactid="563">zł</span></span><span
                                                                                        class="weight" data-reactid="564">/kg</span></div>
                                                                                    <!-- react-empty: 565 --></div>
                                                                                <div class="price-control-wrapper clearfix" data-reactid="566">
                                                                                    <div
                                                                                        class="price-per-sellable-unit price-per-sellable-unit--price price-per-sellable-unit--price-per-item"
                                                                                        data-reactid="567">
                                                                                        <div class="" data-reactid="568"><span data-reactid="569"><span
                                                                                            class="value" data-reactid="570">1,69</span><span class="space"
                                                                                                                                              data-reactid="571"> </span><span
                                                                                            class="currency" data-reactid="572">zł</span></span></div>
                                                                                    </div>
                                                                                </div>
                                                                            </div><!-- react-empty: 573 -->
                                                                            <div class="product-controls--wrapper" data-reactid="574">
                                                                                <div class="controls" data-reactid="575">
                                                                                    <div class="add-remove-product-control-wrapper" data-reactid="576">
                                                                                        <div class="add-remove-product-control add-only" data-reactid="577">
                                                                                            <div class="adjust-button add-to-trolley" data-reactid="578">
                                                                                                <form
                                                                                                    action="/groceries/pl-PL/trolley/items/2003010644941?_method=PUT"
                                                                                                    method="POST" data-reactid="579"><input type="hidden"
                                                                                                                                            name="_csrf"
                                                                                                                                            value="1Vms0uSf-Oo2nQM1Mwznl_YDwWeNoDyG-2BI"
                                                                                                                                            data-reactid="580"/><input
                                                                                                    type="hidden" name="returnUrl"
                                                                                                    value="/groceries/pl-PL/categories/Cat00005768"
                                                                                                    data-reactid="581"/><input type="hidden" name="oldValue"
                                                                                                                               value="0"
                                                                                                                               data-reactid="582"/><input
                                                                                                    type="hidden" name="newValue" value="1" data-reactid="583"/><input
                                                                                                    type="hidden" name="newUnitChoice" value="pcs"
                                                                                                    data-reactid="584"/><input type="hidden"
                                                                                                                               name="oldUnitChoice" value="pcs"
                                                                                                                               data-reactid="585"/><input
                                                                                                    type="hidden" name="oldCatchWeight"
                                                                                                    data-reactid="586"/><input type="hidden" name="id"
                                                                                                                               value="2003010644941"
                                                                                                                               data-reactid="587"/><input
                                                                                                    type="hidden" name="loggedInAction"
                                                                                                    value="update-trolley-item" data-reactid="588"/><input
                                                                                                    type="hidden" name="returnTo"
                                                                                                    value="/groceries/pl-PL/categories/Cat00005768"
                                                                                                    data-reactid="589"/>
                                                                                                    <button class="amount-adjust-button quantity-adjust"
                                                                                                            type="submit" data-reactid="590"><span
                                                                                                        class="label-text short"
                                                                                                        data-reactid="591">Dodaj </span><span
                                                                                                        class="label-text long"
                                                                                                        data-reactid="592">Do koszyka </span><span
                                                                                                        class="plus icon-add-control-add"
                                                                                                        data-reactid="593"></span><span
                                                                                                        class="chevron icon-chevron-down-small"
                                                                                                        data-reactid="594"></span></button>
                                                                                                </form>
                                                                                            </div>
                                                                                        </div>
                                                                                    </div>
                                                                                </div>
                                                                            </div><!-- react-empty: 595 --></div><!-- react-empty: 596 -->
                                                                        <!-- react-empty: 597 --><!-- react-empty: 598 --><!-- react-empty: 599 --></div>
                                                                </div>
                                                                <div data-reactid="600"></div>
                                                            </div>
                                                        </li>
                                                        <li class="product-list--list-item" data-reactid="601">
                                                            <div class="product-tile--wrapper" data-reactid="602">
                                                                <div class="product-tile" data-reactid="603">
                                                                    <div class="flexi-tile" data-reactid="604">
                                                                        <div class="tile-content" data-reactid="605"><a class="product-image-wrapper"
                                                                                                                        href="/groceries/pl-PL/products/2003011091508"
                                                                                                                        target="_self" data-reactid="606">
                                                                            <div data-reactid="607">
                                                                                <noscript data-reactid="608"><img
                                                                                    src='https://secure.ce-tescoassets.com/assets/PL/124/7622210416124/ShotType1_135x135.jpg'
                                                                                    alt='' class='product-image' style='display: inline-block'/></noscript>
                                                                                <img alt="" class="product-image" src="/groceries/images/default-image.png"
                                                                                     style="display:none;" data-reactid="609"/></div>
                                                                        </a>
                                                                            <div class="product-details--wrapper" data-reactid="610">
                                                                                <div class="product-details--content" data-reactid="611"><a
                                                                                    href="/groceries/pl-PL/products/2003011091508"
                                                                                    class="product-tile--title product-tile--browsable" data-reactid="612">3Bit
                                                                                    Baton w czekoladzie mlecznej z nadzieniem o smaku orzechowym i herbatnikiem
                                                                                    46 g</a><!-- react-empty: 613 -->
                                                                                    <div class="price-per-quantity-weight" data-reactid="614"><span
                                                                                        data-reactid="615"><span class="value"
                                                                                                                 data-reactid="616">36,74</span><span
                                                                                        class="space" data-reactid="617"> </span><span class="currency"
                                                                                                                                       data-reactid="618">zł</span></span><span
                                                                                        class="weight" data-reactid="619">/kg</span></div>
                                                                                    <!-- react-empty: 620 --></div>
                                                                                <div class="price-control-wrapper clearfix" data-reactid="621">
                                                                                    <div
                                                                                        class="price-per-sellable-unit price-per-sellable-unit--price price-per-sellable-unit--price-per-item"
                                                                                        data-reactid="622">
                                                                                        <div class="" data-reactid="623"><span data-reactid="624"><span
                                                                                            class="value" data-reactid="625">1,69</span><span class="space"
                                                                                                                                              data-reactid="626"> </span><span
                                                                                            class="currency" data-reactid="627">zł</span></span></div>
                                                                                    </div>
                                                                                </div>
                                                                            </div><!-- react-empty: 628 -->
                                                                            <div class="product-controls--wrapper" data-reactid="629">
                                                                                <div class="controls" data-reactid="630">
                                                                                    <div class="add-remove-product-control-wrapper" data-reactid="631">
                                                                                        <div class="add-remove-product-control add-only" data-reactid="632">
                                                                                            <div class="adjust-button add-to-trolley" data-reactid="633">
                                                                                                <form
                                                                                                    action="/groceries/pl-PL/trolley/items/2003011091508?_method=PUT"
                                                                                                    method="POST" data-reactid="634"><input type="hidden"
                                                                                                                                            name="_csrf"
                                                                                                                                            value="1Vms0uSf-Oo2nQM1Mwznl_YDwWeNoDyG-2BI"
                                                                                                                                            data-reactid="635"/><input
                                                                                                    type="hidden" name="returnUrl"
                                                                                                    value="/groceries/pl-PL/categories/Cat00005768"
                                                                                                    data-reactid="636"/><input type="hidden" name="oldValue"
                                                                                                                               value="0"
                                                                                                                               data-reactid="637"/><input
                                                                                                    type="hidden" name="newValue" value="1" data-reactid="638"/><input
                                                                                                    type="hidden" name="newUnitChoice" value="pcs"
                                                                                                    data-reactid="639"/><input type="hidden"
                                                                                                                               name="oldUnitChoice" value="pcs"
                                                                                                                               data-reactid="640"/><input
                                                                                                    type="hidden" name="oldCatchWeight"
                                                                                                    data-reactid="641"/><input type="hidden" name="id"
                                                                                                                               value="2003011091508"
                                                                                                                               data-reactid="642"/><input
                                                                                                    type="hidden" name="loggedInAction"
                                                                                                    value="update-trolley-item" data-reactid="643"/><input
                                                                                                    type="hidden" name="returnTo"
                                                                                                    value="/groceries/pl-PL/categories/Cat00005768"
                                                                                                    data-reactid="644"/>
                                                                                                    <button class="amount-adjust-button quantity-adjust"
                                                                                                            type="submit" data-reactid="645"><span
                                                                                                        class="label-text short"
                                                                                                        data-reactid="646">Dodaj </span><span
                                                                                                        class="label-text long"
                                                                                                        data-reactid="647">Do koszyka </span><span
                                                                                                        class="plus icon-add-control-add"
                                                                                                        data-reactid="648"></span><span
                                                                                                        class="chevron icon-chevron-down-small"
                                                                                                        data-reactid="649"></span></button>
                                                                                                </form>
                                                                                            </div>
                                                                                        </div>
                                                                                    </div>
                                                                                </div>
                                                                            </div><!-- react-empty: 650 --></div><!-- react-empty: 651 -->
                                                                        <!-- react-empty: 652 --><!-- react-empty: 653 --><!-- react-empty: 654 --></div>
                                                                </div>
                                                                <div data-reactid="655"></div>
                                                            </div>
                                                        </li>
                                                        <li class="product-list--list-item" data-reactid="656">
                                                            <div class="product-tile--wrapper" data-reactid="657">
                                                                <div class="product-tile" data-reactid="658">
                                                                    <div class="flexi-tile" data-reactid="659">
                                                                        <div class="tile-content" data-reactid="660"><a class="product-image-wrapper"
                                                                                                                        href="/groceries/pl-PL/products/2003120693425"
                                                                                                                        target="_self" data-reactid="661">
                                                                            <div data-reactid="662">
                                                                                <noscript data-reactid="663"><img
                                                                                    src='https://secure.ce-tescoassets.com/assets/PL/933/5900749610933/ShotType1_135x135.jpg'
                                                                                    alt='' class='product-image' style='display: inline-block'/></noscript>
                                                                                <img alt="" class="product-image" src="/groceries/images/default-image.png"
                                                                                     style="display:none;" data-reactid="664"/></div>
                                                                        </a>
                                                                            <div class="product-details--wrapper" data-reactid="665">
                                                                                <div class="product-details--content" data-reactid="666"><a
                                                                                    href="/groceries/pl-PL/products/2003120693425"
                                                                                    class="product-tile--title product-tile--browsable" data-reactid="667">Bakalland
                                                                                    Ba! 5 bakalii Baton zbożowy 40 g</a><!-- react-empty: 668 -->
                                                                                    <div class="price-per-quantity-weight" data-reactid="669"><span
                                                                                        data-reactid="670"><span class="value"
                                                                                                                 data-reactid="671">49,75</span><span
                                                                                        class="space" data-reactid="672"> </span><span class="currency"
                                                                                                                                       data-reactid="673">zł</span></span><span
                                                                                        class="weight" data-reactid="674">/kg</span></div>
                                                                                    <!-- react-empty: 675 --></div>
                                                                                <div class="price-control-wrapper clearfix" data-reactid="676">
                                                                                    <div
                                                                                        class="price-per-sellable-unit price-per-sellable-unit--price price-per-sellable-unit--price-per-item"
                                                                                        data-reactid="677">
                                                                                        <div class="" data-reactid="678"><span data-reactid="679"><span
                                                                                            class="value" data-reactid="680">1,99</span><span class="space"
                                                                                                                                              data-reactid="681"> </span><span
                                                                                            class="currency" data-reactid="682">zł</span></span></div>
                                                                                    </div>
                                                                                </div>
                                                                            </div><!-- react-empty: 683 -->
                                                                            <div class="product-controls--wrapper" data-reactid="684">
                                                                                <div class="controls" data-reactid="685">
                                                                                    <div class="add-remove-product-control-wrapper" data-reactid="686">
                                                                                        <div class="add-remove-product-control add-only" data-reactid="687">
                                                                                            <div class="adjust-button add-to-trolley" data-reactid="688">
                                                                                                <form
                                                                                                    action="/groceries/pl-PL/trolley/items/2003120693425?_method=PUT"
                                                                                                    method="POST" data-reactid="689"><input type="hidden"
                                                                                                                                            name="_csrf"
                                                                                                                                            value="1Vms0uSf-Oo2nQM1Mwznl_YDwWeNoDyG-2BI"
                                                                                                                                            data-reactid="690"/><input
                                                                                                    type="hidden" name="returnUrl"
                                                                                                    value="/groceries/pl-PL/categories/Cat00005768"
                                                                                                    data-reactid="691"/><input type="hidden" name="oldValue"
                                                                                                                               value="0"
                                                                                                                               data-reactid="692"/><input
                                                                                                    type="hidden" name="newValue" value="1" data-reactid="693"/><input
                                                                                                    type="hidden" name="newUnitChoice" value="pcs"
                                                                                                    data-reactid="694"/><input type="hidden"
                                                                                                                               name="oldUnitChoice" value="pcs"
                                                                                                                               data-reactid="695"/><input
                                                                                                    type="hidden" name="oldCatchWeight"
                                                                                                    data-reactid="696"/><input type="hidden" name="id"
                                                                                                                               value="2003120693425"
                                                                                                                               data-reactid="697"/><input
                                                                                                    type="hidden" name="loggedInAction"
                                                                                                    value="update-trolley-item" data-reactid="698"/><input
                                                                                                    type="hidden" name="returnTo"
                                                                                                    value="/groceries/pl-PL/categories/Cat00005768"
                                                                                                    data-reactid="699"/>
                                                                                                    <button class="amount-adjust-button quantity-adjust"
                                                                                                            type="submit" data-reactid="700"><span
                                                                                                        class="label-text short"
                                                                                                        data-reactid="701">Dodaj </span><span
                                                                                                        class="label-text long"
                                                                                                        data-reactid="702">Do koszyka </span><span
                                                                                                        class="plus icon-add-control-add"
                                                                                                        data-reactid="703"></span><span
                                                                                                        class="chevron icon-chevron-down-small"
                                                                                                        data-reactid="704"></span></button>
                                                                                                </form>
                                                                                            </div>
                                                                                        </div>
                                                                                    </div>
                                                                                </div>
                                                                            </div><!-- react-empty: 705 --></div><!-- react-empty: 706 -->
                                                                        <!-- react-empty: 707 --><!-- react-empty: 708 --><!-- react-empty: 709 --></div>
                                                                </div>
                                                                <div data-reactid="710"></div>
                                                            </div>
                                                        </li>
                                                        <li class="product-list--list-item" data-reactid="711">
                                                            <div class="product-tile--wrapper" data-reactid="712">
                                                                <div class="product-tile" data-reactid="713">
                                                                    <div class="flexi-tile" data-reactid="714">
                                                                        <div class="tile-content" data-reactid="715"><a class="product-image-wrapper"
                                                                                                                        href="/groceries/pl-PL/products/2003120693091"
                                                                                                                        target="_self" data-reactid="716">
                                                                            <div data-reactid="717">
                                                                                <noscript data-reactid="718"><img
                                                                                    src='https://secure.ce-tescoassets.com/assets/PL/926/5900749610926/ShotType1_135x135.jpg'
                                                                                    alt='' class='product-image' style='display: inline-block'/></noscript>
                                                                                <img alt="" class="product-image" src="/groceries/images/default-image.png"
                                                                                     style="display:none;" data-reactid="719"/></div>
                                                                        </a>
                                                                            <div class="product-details--wrapper" data-reactid="720">
                                                                                <div class="product-details--content" data-reactid="721"><a
                                                                                    href="/groceries/pl-PL/products/2003120693091"
                                                                                    class="product-tile--title product-tile--browsable" data-reactid="722">Bakalland
                                                                                    Ba! 5 orzechów Baton zbożowy 40 g</a><!-- react-empty: 723 -->
                                                                                    <div class="price-per-quantity-weight" data-reactid="724"><span
                                                                                        data-reactid="725"><span class="value"
                                                                                                                 data-reactid="726">49,75</span><span
                                                                                        class="space" data-reactid="727"> </span><span class="currency"
                                                                                                                                       data-reactid="728">zł</span></span><span
                                                                                        class="weight" data-reactid="729">/kg</span></div>
                                                                                    <!-- react-empty: 730 --></div>
                                                                                <div class="price-control-wrapper clearfix" data-reactid="731">
                                                                                    <div
                                                                                        class="price-per-sellable-unit price-per-sellable-unit--price price-per-sellable-unit--price-per-item"
                                                                                        data-reactid="732">
                                                                                        <div class="" data-reactid="733"><span data-reactid="734"><span
                                                                                            class="value" data-reactid="735">1,99</span><span class="space"
                                                                                                                                              data-reactid="736"> </span><span
                                                                                            class="currency" data-reactid="737">zł</span></span></div>
                                                                                    </div>
                                                                                </div>
                                                                            </div><!-- react-empty: 738 -->
                                                                            <div class="product-controls--wrapper" data-reactid="739">
                                                                                <div class="controls" data-reactid="740">
                                                                                    <div class="add-remove-product-control-wrapper" data-reactid="741">
                                                                                        <div class="add-remove-product-control add-only" data-reactid="742">
                                                                                            <div class="adjust-button add-to-trolley" data-reactid="743">
                                                                                                <form
                                                                                                    action="/groceries/pl-PL/trolley/items/2003120693091?_method=PUT"
                                                                                                    method="POST" data-reactid="744"><input type="hidden"
                                                                                                                                            name="_csrf"
                                                                                                                                            value="1Vms0uSf-Oo2nQM1Mwznl_YDwWeNoDyG-2BI"
                                                                                                                                            data-reactid="745"/><input
                                                                                                    type="hidden" name="returnUrl"
                                                                                                    value="/groceries/pl-PL/categories/Cat00005768"
                                                                                                    data-reactid="746"/><input type="hidden" name="oldValue"
                                                                                                                               value="0"
                                                                                                                               data-reactid="747"/><input
                                                                                                    type="hidden" name="newValue" value="1" data-reactid="748"/><input
                                                                                                    type="hidden" name="newUnitChoice" value="pcs"
                                                                                                    data-reactid="749"/><input type="hidden"
                                                                                                                               name="oldUnitChoice" value="pcs"
                                                                                                                               data-reactid="750"/><input
                                                                                                    type="hidden" name="oldCatchWeight"
                                                                                                    data-reactid="751"/><input type="hidden" name="id"
                                                                                                                               value="2003120693091"
                                                                                                                               data-reactid="752"/><input
                                                                                                    type="hidden" name="loggedInAction"
                                                                                                    value="update-trolley-item" data-reactid="753"/><input
                                                                                                    type="hidden" name="returnTo"
                                                                                                    value="/groceries/pl-PL/categories/Cat00005768"
                                                                                                    data-reactid="754"/>
                                                                                                    <button class="amount-adjust-button quantity-adjust"
                                                                                                            type="submit" data-reactid="755"><span
                                                                                                        class="label-text short"
                                                                                                        data-reactid="756">Dodaj </span><span
                                                                                                        class="label-text long"
                                                                                                        data-reactid="757">Do koszyka </span><span
                                                                                                        class="plus icon-add-control-add"
                                                                                                        data-reactid="758"></span><span
                                                                                                        class="chevron icon-chevron-down-small"
                                                                                                        data-reactid="759"></span></button>
                                                                                                </form>
                                                                                            </div>
                                                                                        </div>
                                                                                    </div>
                                                                                </div>
                                                                            </div><!-- react-empty: 760 --></div><!-- react-empty: 761 -->
                                                                        <!-- react-empty: 762 --><!-- react-empty: 763 --><!-- react-empty: 764 --></div>
                                                                </div>
                                                                <div data-reactid="765"></div>
                                                            </div>
                                                        </li>
                                                        <li class="product-list--list-item" data-reactid="766">
                                                            <div class="product-tile--wrapper" data-reactid="767">
                                                                <div class="product-tile" data-reactid="768">
                                                                    <div class="flexi-tile" data-reactid="769">
                                                                        <div class="tile-content" data-reactid="770"><a class="product-image-wrapper"
                                                                                                                        href="/groceries/pl-PL/products/2003120055639"
                                                                                                                        target="_self" data-reactid="771">
                                                                            <div data-reactid="772">
                                                                                <noscript data-reactid="773"><img
                                                                                    src='https://secure.ce-tescoassets.com/assets/PL/995/5900749610995/ShotType1_135x135.jpg'
                                                                                    alt='' class='product-image' style='display: inline-block'/></noscript>
                                                                                <img alt="" class="product-image" src="/groceries/images/default-image.png"
                                                                                     style="display:none;" data-reactid="774"/></div>
                                                                        </a>
                                                                            <div class="product-details--wrapper" data-reactid="775">
                                                                                <div class="product-details--content" data-reactid="776"><a
                                                                                    href="/groceries/pl-PL/products/2003120055639"
                                                                                    class="product-tile--title product-tile--browsable" data-reactid="777">Bakalland
                                                                                    Ba! banan Baton zbożowy 40 g</a><!-- react-empty: 778 -->
                                                                                    <div class="price-per-quantity-weight" data-reactid="779"><span
                                                                                        data-reactid="780"><span class="value"
                                                                                                                 data-reactid="781">44,75</span><span
                                                                                        class="space" data-reactid="782"> </span><span class="currency"
                                                                                                                                       data-reactid="783">zł</span></span><span
                                                                                        class="weight" data-reactid="784">/kg</span></div>
                                                                                    <!-- react-empty: 785 --></div>
                                                                                <div class="price-control-wrapper clearfix" data-reactid="786">
                                                                                    <div
                                                                                        class="price-per-sellable-unit price-per-sellable-unit--price price-per-sellable-unit--price-per-item"
                                                                                        data-reactid="787">
                                                                                        <div class="" data-reactid="788"><span data-reactid="789"><span
                                                                                            class="value" data-reactid="790">1,79</span><span class="space"
                                                                                                                                              data-reactid="791"> </span><span
                                                                                            class="currency" data-reactid="792">zł</span></span></div>
                                                                                    </div>
                                                                                </div>
                                                                            </div><!-- react-empty: 793 -->
                                                                            <div class="product-controls--wrapper" data-reactid="794">
                                                                                <div class="controls" data-reactid="795">
                                                                                    <div class="add-remove-product-control-wrapper" data-reactid="796">
                                                                                        <div class="add-remove-product-control add-only" data-reactid="797">
                                                                                            <div class="adjust-button add-to-trolley" data-reactid="798">
                                                                                                <form
                                                                                                    action="/groceries/pl-PL/trolley/items/2003120055639?_method=PUT"
                                                                                                    method="POST" data-reactid="799"><input type="hidden"
                                                                                                                                            name="_csrf"
                                                                                                                                            value="1Vms0uSf-Oo2nQM1Mwznl_YDwWeNoDyG-2BI"
                                                                                                                                            data-reactid="800"/><input
                                                                                                    type="hidden" name="returnUrl"
                                                                                                    value="/groceries/pl-PL/categories/Cat00005768"
                                                                                                    data-reactid="801"/><input type="hidden" name="oldValue"
                                                                                                                               value="0"
                                                                                                                               data-reactid="802"/><input
                                                                                                    type="hidden" name="newValue" value="1" data-reactid="803"/><input
                                                                                                    type="hidden" name="newUnitChoice" value="pcs"
                                                                                                    data-reactid="804"/><input type="hidden"
                                                                                                                               name="oldUnitChoice" value="pcs"
                                                                                                                               data-reactid="805"/><input
                                                                                                    type="hidden" name="oldCatchWeight"
                                                                                                    data-reactid="806"/><input type="hidden" name="id"
                                                                                                                               value="2003120055639"
                                                                                                                               data-reactid="807"/><input
                                                                                                    type="hidden" name="loggedInAction"
                                                                                                    value="update-trolley-item" data-reactid="808"/><input
                                                                                                    type="hidden" name="returnTo"
                                                                                                    value="/groceries/pl-PL/categories/Cat00005768"
                                                                                                    data-reactid="809"/>
                                                                                                    <button class="amount-adjust-button quantity-adjust"
                                                                                                            type="submit" data-reactid="810"><span
                                                                                                        class="label-text short"
                                                                                                        data-reactid="811">Dodaj </span><span
                                                                                                        class="label-text long"
                                                                                                        data-reactid="812">Do koszyka </span><span
                                                                                                        class="plus icon-add-control-add"
                                                                                                        data-reactid="813"></span><span
                                                                                                        class="chevron icon-chevron-down-small"
                                                                                                        data-reactid="814"></span></button>
                                                                                                </form>
                                                                                            </div>
                                                                                        </div>
                                                                                    </div>
                                                                                </div>
                                                                            </div><!-- react-empty: 815 --></div><!-- react-empty: 816 -->
                                                                        <!-- react-empty: 817 --><!-- react-empty: 818 --><!-- react-empty: 819 --></div>
                                                                </div>
                                                                <div data-reactid="820"></div>
                                                            </div>
                                                        </li>
                                                        <li class="product-list--list-item" data-reactid="821">
                                                            <div class="product-tile--wrapper" data-reactid="822">
                                                                <div class="product-tile" data-reactid="823">
                                                                    <div class="flexi-tile" data-reactid="824">
                                                                        <div class="tile-content" data-reactid="825"><a class="product-image-wrapper"
                                                                                                                        href="/groceries/pl-PL/products/2003120055645"
                                                                                                                        target="_self" data-reactid="826">
                                                                            <div data-reactid="827">
                                                                                <noscript data-reactid="828"><img
                                                                                    src='https://secure.ce-tescoassets.com/assets/PL/988/5900749610988/ShotType1_135x135.jpg'
                                                                                    alt='' class='product-image' style='display: inline-block'/></noscript>
                                                                                <img alt="" class="product-image" src="/groceries/images/default-image.png"
                                                                                     style="display:none;" data-reactid="829"/></div>
                                                                        </a>
                                                                            <div class="product-details--wrapper" data-reactid="830">
                                                                                <div class="product-details--content" data-reactid="831"><a
                                                                                    href="/groceries/pl-PL/products/2003120055645"
                                                                                    class="product-tile--title product-tile--browsable" data-reactid="832">Bakalland
                                                                                    Ba! Żurawina i pomarańcza Baton zbożowy 40 g</a><!-- react-empty: 833 -->
                                                                                    <div class="price-per-quantity-weight" data-reactid="834"><span
                                                                                        data-reactid="835"><span class="value"
                                                                                                                 data-reactid="836">44,75</span><span
                                                                                        class="space" data-reactid="837"> </span><span class="currency"
                                                                                                                                       data-reactid="838">zł</span></span><span
                                                                                        class="weight" data-reactid="839">/kg</span></div>
                                                                                    <!-- react-empty: 840 --></div>
                                                                                <div class="price-control-wrapper clearfix" data-reactid="841">
                                                                                    <div
                                                                                        class="price-per-sellable-unit price-per-sellable-unit--price price-per-sellable-unit--price-per-item"
                                                                                        data-reactid="842">
                                                                                        <div class="" data-reactid="843"><span data-reactid="844"><span
                                                                                            class="value" data-reactid="845">1,79</span><span class="space"
                                                                                                                                              data-reactid="846"> </span><span
                                                                                            class="currency" data-reactid="847">zł</span></span></div>
                                                                                    </div>
                                                                                </div>
                                                                            </div><!-- react-empty: 848 -->
                                                                            <div class="product-controls--wrapper" data-reactid="849">
                                                                                <div class="controls" data-reactid="850">
                                                                                    <div class="add-remove-product-control-wrapper" data-reactid="851">
                                                                                        <div class="add-remove-product-control add-only" data-reactid="852">
                                                                                            <div class="adjust-button add-to-trolley" data-reactid="853">
                                                                                                <form
                                                                                                    action="/groceries/pl-PL/trolley/items/2003120055645?_method=PUT"
                                                                                                    method="POST" data-reactid="854"><input type="hidden"
                                                                                                                                            name="_csrf"
                                                                                                                                            value="1Vms0uSf-Oo2nQM1Mwznl_YDwWeNoDyG-2BI"
                                                                                                                                            data-reactid="855"/><input
                                                                                                    type="hidden" name="returnUrl"
                                                                                                    value="/groceries/pl-PL/categories/Cat00005768"
                                                                                                    data-reactid="856"/><input type="hidden" name="oldValue"
                                                                                                                               value="0"
                                                                                                                               data-reactid="857"/><input
                                                                                                    type="hidden" name="newValue" value="1" data-reactid="858"/><input
                                                                                                    type="hidden" name="newUnitChoice" value="pcs"
                                                                                                    data-reactid="859"/><input type="hidden"
                                                                                                                               name="oldUnitChoice" value="pcs"
                                                                                                                               data-reactid="860"/><input
                                                                                                    type="hidden" name="oldCatchWeight"
                                                                                                    data-reactid="861"/><input type="hidden" name="id"
                                                                                                                               value="2003120055645"
                                                                                                                               data-reactid="862"/><input
                                                                                                    type="hidden" name="loggedInAction"
                                                                                                    value="update-trolley-item" data-reactid="863"/><input
                                                                                                    type="hidden" name="returnTo"
                                                                                                    value="/groceries/pl-PL/categories/Cat00005768"
                                                                                                    data-reactid="864"/>
                                                                                                    <button class="amount-adjust-button quantity-adjust"
                                                                                                            type="submit" data-reactid="865"><span
                                                                                                        class="label-text short"
                                                                                                        data-reactid="866">Dodaj </span><span
                                                                                                        class="label-text long"
                                                                                                        data-reactid="867">Do koszyka </span><span
                                                                                                        class="plus icon-add-control-add"
                                                                                                        data-reactid="868"></span><span
                                                                                                        class="chevron icon-chevron-down-small"
                                                                                                        data-reactid="869"></span></button>
                                                                                                </form>
                                                                                            </div>
                                                                                        </div>
                                                                                    </div>
                                                                                </div>
                                                                            </div><!-- react-empty: 870 --></div><!-- react-empty: 871 -->
                                                                        <!-- react-empty: 872 --><!-- react-empty: 873 --><!-- react-empty: 874 --></div>
                                                                </div>
                                                                <div data-reactid="875"></div>
                                                            </div>
                                                        </li>
                                                        <li class="product-list--list-item" data-reactid="876">
                                                            <div class="product-tile--wrapper" data-reactid="877">
                                                                <div class="product-tile" data-reactid="878">
                                                                    <div class="flexi-tile" data-reactid="879">
                                                                        <div class="tile-content" data-reactid="880"><a class="product-image-wrapper"
                                                                                                                        href="/groceries/pl-PL/products/2003000263268"
                                                                                                                        target="_self" data-reactid="881">
                                                                            <div data-reactid="882">
                                                                                <noscript data-reactid="883"><img
                                                                                    src='https://secure.ce-tescoassets.com/assets/PL/216/0000040111216/ShotType1_135x135.jpg'
                                                                                    alt='' class='product-image' style='display: inline-block'/></noscript>
                                                                                <img alt="" class="product-image" src="/groceries/images/default-image.png"
                                                                                     style="display:none;" data-reactid="884"/></div>
                                                                        </a>
                                                                            <div class="product-details--wrapper" data-reactid="885">
                                                                                <div class="product-details--content" data-reactid="886"><a
                                                                                    href="/groceries/pl-PL/products/2003000263268"
                                                                                    class="product-tile--title product-tile--browsable" data-reactid="887">Bounty
                                                                                    Baton z nadzieniem kokosowym oblany czekoladą 57 g (2 sztuki)</a>
                                                                                    <!-- react-empty: 888 -->
                                                                                    <div class="price-per-quantity-weight" data-reactid="889"><span
                                                                                        data-reactid="890"><span class="value"
                                                                                                                 data-reactid="891">27,89</span><span
                                                                                        class="space" data-reactid="892"> </span><span class="currency"
                                                                                                                                       data-reactid="893">zł</span></span><span
                                                                                        class="weight" data-reactid="894">/kg</span></div>
                                                                                    <!-- react-empty: 895 --></div>
                                                                                <div class="price-control-wrapper clearfix" data-reactid="896">
                                                                                    <div
                                                                                        class="price-per-sellable-unit price-per-sellable-unit--price price-per-sellable-unit--price-per-item"
                                                                                        data-reactid="897">
                                                                                        <div class="" data-reactid="898"><span data-reactid="899"><span
                                                                                            class="value" data-reactid="900">1,59</span><span class="space"
                                                                                                                                              data-reactid="901"> </span><span
                                                                                            class="currency" data-reactid="902">zł</span></span></div>
                                                                                    </div>
                                                                                </div>
                                                                            </div><!-- react-empty: 903 -->
                                                                            <div class="product-controls--wrapper" data-reactid="904">
                                                                                <div class="controls" data-reactid="905">
                                                                                    <div class="add-remove-product-control-wrapper" data-reactid="906">
                                                                                        <div class="add-remove-product-control add-only" data-reactid="907">
                                                                                            <div class="adjust-button add-to-trolley" data-reactid="908">
                                                                                                <form
                                                                                                    action="/groceries/pl-PL/trolley/items/2003000263268?_method=PUT"
                                                                                                    method="POST" data-reactid="909"><input type="hidden"
                                                                                                                                            name="_csrf"
                                                                                                                                            value="1Vms0uSf-Oo2nQM1Mwznl_YDwWeNoDyG-2BI"
                                                                                                                                            data-reactid="910"/><input
                                                                                                    type="hidden" name="returnUrl"
                                                                                                    value="/groceries/pl-PL/categories/Cat00005768"
                                                                                                    data-reactid="911"/><input type="hidden" name="oldValue"
                                                                                                                               value="0"
                                                                                                                               data-reactid="912"/><input
                                                                                                    type="hidden" name="newValue" value="1" data-reactid="913"/><input
                                                                                                    type="hidden" name="newUnitChoice" value="pcs"
                                                                                                    data-reactid="914"/><input type="hidden"
                                                                                                                               name="oldUnitChoice" value="pcs"
                                                                                                                               data-reactid="915"/><input
                                                                                                    type="hidden" name="oldCatchWeight"
                                                                                                    data-reactid="916"/><input type="hidden" name="id"
                                                                                                                               value="2003000263268"
                                                                                                                               data-reactid="917"/><input
                                                                                                    type="hidden" name="loggedInAction"
                                                                                                    value="update-trolley-item" data-reactid="918"/><input
                                                                                                    type="hidden" name="returnTo"
                                                                                                    value="/groceries/pl-PL/categories/Cat00005768"
                                                                                                    data-reactid="919"/>
                                                                                                    <button class="amount-adjust-button quantity-adjust"
                                                                                                            type="submit" data-reactid="920"><span
                                                                                                        class="label-text short"
                                                                                                        data-reactid="921">Dodaj </span><span
                                                                                                        class="label-text long"
                                                                                                        data-reactid="922">Do koszyka </span><span
                                                                                                        class="plus icon-add-control-add"
                                                                                                        data-reactid="923"></span><span
                                                                                                        class="chevron icon-chevron-down-small"
                                                                                                        data-reactid="924"></span></button>
                                                                                                </form>
                                                                                            </div>
                                                                                        </div>
                                                                                    </div>
                                                                                </div>
                                                                            </div><!-- react-empty: 925 --></div><!-- react-empty: 926 -->
                                                                        <!-- react-empty: 927 --><!-- react-empty: 928 --><!-- react-empty: 929 --></div>
                                                                </div>
                                                                <div data-reactid="930"></div>
                                                            </div>
                                                        </li>
                                                        <li class="product-list--list-item" data-reactid="931">
                                                            <div class="product-tile--wrapper" data-reactid="932">
                                                                <div class="product-tile" data-reactid="933">
                                                                    <div class="flexi-tile" data-reactid="934">
                                                                        <div class="tile-content" data-reactid="935"><a class="product-image-wrapper"
                                                                                                                        href="/groceries/pl-PL/products/2003011869206"
                                                                                                                        target="_self" data-reactid="936">
                                                                            <div data-reactid="937">
                                                                                <noscript data-reactid="938"><img
                                                                                    src='https://secure.ce-tescoassets.com/assets/PL/015/0000040084015/ShotType1_135x135.jpg'
                                                                                    alt='' class='product-image' style='display: inline-block'/></noscript>
                                                                                <img alt="" class="product-image" src="/groceries/images/default-image.png"
                                                                                     style="display:none;" data-reactid="939"/></div>
                                                                        </a>
                                                                            <div class="product-details--wrapper" data-reactid="940">
                                                                                <div class="product-details--content" data-reactid="941"><a
                                                                                    href="/groceries/pl-PL/products/2003011869206"
                                                                                    class="product-tile--title product-tile--browsable" data-reactid="942">Duplo
                                                                                    Wafel z orzechowym nadzieniem pokryty mleczną czekoladą 18,2 g</a>
                                                                                    <!-- react-empty: 943 -->
                                                                                    <div class="price-per-quantity-weight" data-reactid="944"><span
                                                                                        data-reactid="945"><span class="value"
                                                                                                                 data-reactid="946">77,22</span><span
                                                                                        class="space" data-reactid="947"> </span><span class="currency"
                                                                                                                                       data-reactid="948">zł</span></span><span
                                                                                        class="weight" data-reactid="949">/kg</span></div>
                                                                                    <!-- react-empty: 950 --></div>
                                                                                <div class="price-control-wrapper clearfix" data-reactid="951">
                                                                                    <div
                                                                                        class="price-per-sellable-unit price-per-sellable-unit--price price-per-sellable-unit--price-per-item"
                                                                                        data-reactid="952">
                                                                                        <div class="" data-reactid="953"><span data-reactid="954"><span
                                                                                            class="value" data-reactid="955">1,39</span><span class="space"
                                                                                                                                              data-reactid="956"> </span><span
                                                                                            class="currency" data-reactid="957">zł</span></span></div>
                                                                                    </div>
                                                                                </div>
                                                                            </div><!-- react-empty: 958 -->
                                                                            <div class="product-controls--wrapper" data-reactid="959">
                                                                                <div class="controls" data-reactid="960">
                                                                                    <div class="add-remove-product-control-wrapper" data-reactid="961">
                                                                                        <div class="add-remove-product-control add-only" data-reactid="962">
                                                                                            <div class="adjust-button add-to-trolley" data-reactid="963">
                                                                                                <form
                                                                                                    action="/groceries/pl-PL/trolley/items/2003011869206?_method=PUT"
                                                                                                    method="POST" data-reactid="964"><input type="hidden"
                                                                                                                                            name="_csrf"
                                                                                                                                            value="1Vms0uSf-Oo2nQM1Mwznl_YDwWeNoDyG-2BI"
                                                                                                                                            data-reactid="965"/><input
                                                                                                    type="hidden" name="returnUrl"
                                                                                                    value="/groceries/pl-PL/categories/Cat00005768"
                                                                                                    data-reactid="966"/><input type="hidden" name="oldValue"
                                                                                                                               value="0"
                                                                                                                               data-reactid="967"/><input
                                                                                                    type="hidden" name="newValue" value="1" data-reactid="968"/><input
                                                                                                    type="hidden" name="newUnitChoice" value="pcs"
                                                                                                    data-reactid="969"/><input type="hidden"
                                                                                                                               name="oldUnitChoice" value="pcs"
                                                                                                                               data-reactid="970"/><input
                                                                                                    type="hidden" name="oldCatchWeight"
                                                                                                    data-reactid="971"/><input type="hidden" name="id"
                                                                                                                               value="2003011869206"
                                                                                                                               data-reactid="972"/><input
                                                                                                    type="hidden" name="loggedInAction"
                                                                                                    value="update-trolley-item" data-reactid="973"/><input
                                                                                                    type="hidden" name="returnTo"
                                                                                                    value="/groceries/pl-PL/categories/Cat00005768"
                                                                                                    data-reactid="974"/>
                                                                                                    <button class="amount-adjust-button quantity-adjust"
                                                                                                            type="submit" data-reactid="975"><span
                                                                                                        class="label-text short"
                                                                                                        data-reactid="976">Dodaj </span><span
                                                                                                        class="label-text long"
                                                                                                        data-reactid="977">Do koszyka </span><span
                                                                                                        class="plus icon-add-control-add"
                                                                                                        data-reactid="978"></span><span
                                                                                                        class="chevron icon-chevron-down-small"
                                                                                                        data-reactid="979"></span></button>
                                                                                                </form>
                                                                                            </div>
                                                                                        </div>
                                                                                    </div>
                                                                                </div>
                                                                            </div><!-- react-empty: 980 --></div><!-- react-empty: 981 -->
                                                                        <!-- react-empty: 982 --><!-- react-empty: 983 --><!-- react-empty: 984 --></div>
                                                                </div>
                                                                <div data-reactid="985"></div>
                                                            </div>
                                                        </li>
                                                        <li class="product-list--list-item" data-reactid="986">
                                                            <div class="product-tile--wrapper" data-reactid="987">
                                                                <div class="product-tile" data-reactid="988">
                                                                    <div class="flexi-tile" data-reactid="989">
                                                                        <div class="tile-content" data-reactid="990"><a class="product-image-wrapper"
                                                                                                                        href="/groceries/pl-PL/products/2003120043481"
                                                                                                                        target="_self" data-reactid="991">
                                                                            <div data-reactid="992">
                                                                                <noscript data-reactid="993"><img
                                                                                    src='https://secure.ce-tescoassets.com/assets/PL/429/4008400300429/ShotType1_135x135.jpg'
                                                                                    alt='' class='product-image' style='display: inline-block'/></noscript>
                                                                                <img alt="" class="product-image" src="/groceries/images/default-image.png"
                                                                                     style="display:none;" data-reactid="994"/></div>
                                                                        </a>
                                                                            <div class="product-details--wrapper" data-reactid="995">
                                                                                <div class="product-details--content" data-reactid="996"><a
                                                                                    href="/groceries/pl-PL/products/2003120043481"
                                                                                    class="product-tile--title product-tile--browsable" data-reactid="997">Duplo
                                                                                    Wafel z orzechowym nadzieniem pokryty mleczną czekoladą 91 g (5
                                                                                    batoników)</a><!-- react-empty: 998 -->
                                                                                    <div class="price-per-quantity-weight" data-reactid="999"><span
                                                                                        data-reactid="1000"><span class="value" data-reactid="1001">53,74</span><span
                                                                                        class="space" data-reactid="1002"> </span><span class="currency"
                                                                                                                                        data-reactid="1003">zł</span></span><span
                                                                                        class="weight" data-reactid="1004">/kg</span></div>
                                                                                    <!-- react-empty: 1005 --></div>
                                                                                <div class="price-control-wrapper clearfix" data-reactid="1006">
                                                                                    <div
                                                                                        class="price-per-sellable-unit price-per-sellable-unit--price price-per-sellable-unit--price-per-item"
                                                                                        data-reactid="1007">
                                                                                        <div class="" data-reactid="1008"><span data-reactid="1009"><span
                                                                                            class="value" data-reactid="1010">4,89</span><span class="space"
                                                                                                                                               data-reactid="1011"> </span><span
                                                                                            class="currency" data-reactid="1012">zł</span></span></div>
                                                                                    </div>
                                                                                </div>
                                                                            </div><!-- react-empty: 1013 -->
                                                                            <div class="product-controls--wrapper" data-reactid="1014">
                                                                                <div class="controls" data-reactid="1015">
                                                                                    <div class="add-remove-product-control-wrapper" data-reactid="1016">
                                                                                        <div class="add-remove-product-control add-only" data-reactid="1017">
                                                                                            <div class="adjust-button add-to-trolley" data-reactid="1018">
                                                                                                <form
                                                                                                    action="/groceries/pl-PL/trolley/items/2003120043481?_method=PUT"
                                                                                                    method="POST" data-reactid="1019"><input type="hidden"
                                                                                                                                             name="_csrf"
                                                                                                                                             value="1Vms0uSf-Oo2nQM1Mwznl_YDwWeNoDyG-2BI"
                                                                                                                                             data-reactid="1020"/><input
                                                                                                    type="hidden" name="returnUrl"
                                                                                                    value="/groceries/pl-PL/categories/Cat00005768"
                                                                                                    data-reactid="1021"/><input type="hidden" name="oldValue"
                                                                                                                                value="0"
                                                                                                                                data-reactid="1022"/><input
                                                                                                    type="hidden" name="newValue" value="1"
                                                                                                    data-reactid="1023"/><input type="hidden"
                                                                                                                                name="newUnitChoice" value="pcs"
                                                                                                                                data-reactid="1024"/><input
                                                                                                    type="hidden" name="oldUnitChoice" value="pcs"
                                                                                                    data-reactid="1025"/><input type="hidden"
                                                                                                                                name="oldCatchWeight"
                                                                                                                                data-reactid="1026"/><input
                                                                                                    type="hidden" name="id" value="2003120043481"
                                                                                                    data-reactid="1027"/><input type="hidden"
                                                                                                                                name="loggedInAction"
                                                                                                                                value="update-trolley-item"
                                                                                                                                data-reactid="1028"/><input
                                                                                                    type="hidden" name="returnTo"
                                                                                                    value="/groceries/pl-PL/categories/Cat00005768"
                                                                                                    data-reactid="1029"/>
                                                                                                    <button class="amount-adjust-button quantity-adjust"
                                                                                                            type="submit" data-reactid="1030"><span
                                                                                                        class="label-text short"
                                                                                                        data-reactid="1031">Dodaj </span><span
                                                                                                        class="label-text long"
                                                                                                        data-reactid="1032">Do koszyka </span><span
                                                                                                        class="plus icon-add-control-add"
                                                                                                        data-reactid="1033"></span><span
                                                                                                        class="chevron icon-chevron-down-small"
                                                                                                        data-reactid="1034"></span></button>
                                                                                                </form>
                                                                                            </div>
                                                                                        </div>
                                                                                    </div>
                                                                                </div>
                                                                            </div><!-- react-empty: 1035 --></div><!-- react-empty: 1036 -->
                                                                        <!-- react-empty: 1037 --><!-- react-empty: 1038 --><!-- react-empty: 1039 --></div>
                                                                </div>
                                                                <div data-reactid="1040"></div>
                                                            </div>
                                                        </li>
                                                        <li class="product-list--list-item" data-reactid="1041">
                                                            <div class="product-tile--wrapper" data-reactid="1042">
                                                                <div class="product-tile" data-reactid="1043">
                                                                    <div class="flexi-tile" data-reactid="1044">
                                                                        <div class="tile-content" data-reactid="1045"><a class="product-image-wrapper"
                                                                                                                         href="/groceries/pl-PL/products/2003000120790"
                                                                                                                         target="_self" data-reactid="1046">
                                                                            <div data-reactid="1047">
                                                                                <noscript data-reactid="1048"><img
                                                                                    src='https://secure.ce-tescoassets.com/assets/PL/504/0000059012504/ShotType1_135x135.jpg'
                                                                                    alt='' class='product-image' style='display: inline-block'/></noscript>
                                                                                <img alt="" class="product-image" src="/groceries/images/default-image.png"
                                                                                     style="display:none;" data-reactid="1049"/></div>
                                                                        </a>
                                                                            <div class="product-details--wrapper" data-reactid="1050">
                                                                                <div class="product-details--content" data-reactid="1051"><a
                                                                                    href="/groceries/pl-PL/products/2003000120790"
                                                                                    class="product-tile--title product-tile--browsable" data-reactid="1052">E.
                                                                                    Wedel Bajeczny Baton orzechowy arachidowy z dodatkiem wafelków w mlecznej
                                                                                    czekoladzie 45 g</a><!-- react-empty: 1053 -->
                                                                                    <div class="price-per-quantity-weight" data-reactid="1054"><span
                                                                                        data-reactid="1055"><span class="value" data-reactid="1056">39,78</span><span
                                                                                        class="space" data-reactid="1057"> </span><span class="currency"
                                                                                                                                        data-reactid="1058">zł</span></span><span
                                                                                        class="weight" data-reactid="1059">/kg</span></div>
                                                                                    <!-- react-empty: 1060 --></div>
                                                                                <div class="price-control-wrapper clearfix" data-reactid="1061">
                                                                                    <div
                                                                                        class="price-per-sellable-unit price-per-sellable-unit--price price-per-sellable-unit--price-per-item"
                                                                                        data-reactid="1062">
                                                                                        <div class="" data-reactid="1063"><span data-reactid="1064"><span
                                                                                            class="value" data-reactid="1065">1,79</span><span class="space"
                                                                                                                                               data-reactid="1066"> </span><span
                                                                                            class="currency" data-reactid="1067">zł</span></span></div>
                                                                                    </div>
                                                                                </div>
                                                                            </div><!-- react-empty: 1068 -->
                                                                            <div class="product-controls--wrapper" data-reactid="1069">
                                                                                <div class="controls" data-reactid="1070">
                                                                                    <div class="add-remove-product-control-wrapper" data-reactid="1071">
                                                                                        <div class="add-remove-product-control add-only" data-reactid="1072">
                                                                                            <div class="adjust-button add-to-trolley" data-reactid="1073">
                                                                                                <form
                                                                                                    action="/groceries/pl-PL/trolley/items/2003000120790?_method=PUT"
                                                                                                    method="POST" data-reactid="1074"><input type="hidden"
                                                                                                                                             name="_csrf"
                                                                                                                                             value="1Vms0uSf-Oo2nQM1Mwznl_YDwWeNoDyG-2BI"
                                                                                                                                             data-reactid="1075"/><input
                                                                                                    type="hidden" name="returnUrl"
                                                                                                    value="/groceries/pl-PL/categories/Cat00005768"
                                                                                                    data-reactid="1076"/><input type="hidden" name="oldValue"
                                                                                                                                value="0"
                                                                                                                                data-reactid="1077"/><input
                                                                                                    type="hidden" name="newValue" value="1"
                                                                                                    data-reactid="1078"/><input type="hidden"
                                                                                                                                name="newUnitChoice" value="pcs"
                                                                                                                                data-reactid="1079"/><input
                                                                                                    type="hidden" name="oldUnitChoice" value="pcs"
                                                                                                    data-reactid="1080"/><input type="hidden"
                                                                                                                                name="oldCatchWeight"
                                                                                                                                data-reactid="1081"/><input
                                                                                                    type="hidden" name="id" value="2003000120790"
                                                                                                    data-reactid="1082"/><input type="hidden"
                                                                                                                                name="loggedInAction"
                                                                                                                                value="update-trolley-item"
                                                                                                                                data-reactid="1083"/><input
                                                                                                    type="hidden" name="returnTo"
                                                                                                    value="/groceries/pl-PL/categories/Cat00005768"
                                                                                                    data-reactid="1084"/>
                                                                                                    <button class="amount-adjust-button quantity-adjust"
                                                                                                            type="submit" data-reactid="1085"><span
                                                                                                        class="label-text short"
                                                                                                        data-reactid="1086">Dodaj </span><span
                                                                                                        class="label-text long"
                                                                                                        data-reactid="1087">Do koszyka </span><span
                                                                                                        class="plus icon-add-control-add"
                                                                                                        data-reactid="1088"></span><span
                                                                                                        class="chevron icon-chevron-down-small"
                                                                                                        data-reactid="1089"></span></button>
                                                                                                </form>
                                                                                            </div>
                                                                                        </div>
                                                                                    </div>
                                                                                </div>
                                                                            </div><!-- react-empty: 1090 --></div><!-- react-empty: 1091 -->
                                                                        <!-- react-empty: 1092 --><!-- react-empty: 1093 --><!-- react-empty: 1094 --></div>
                                                                </div>
                                                                <div data-reactid="1095"></div>
                                                            </div>
                                                        </li>
                                                        <li class="product-list--list-item" data-reactid="1096">
                                                            <div class="product-tile--wrapper" data-reactid="1097">
                                                                <div class="product-tile" data-reactid="1098">
                                                                    <div class="flexi-tile" data-reactid="1099">
                                                                        <div class="tile-content" data-reactid="1100"><a class="product-image-wrapper"
                                                                                                                         href="/groceries/pl-PL/products/2003120657002"
                                                                                                                         target="_self" data-reactid="1101">
                                                                            <div data-reactid="1102">
                                                                                <noscript data-reactid="1103"><img
                                                                                    src='https://secure.ce-tescoassets.com/assets/PL/282/5901588026282/ShotType1_135x135.jpg'
                                                                                    alt='' class='product-image' style='display: inline-block'/></noscript>
                                                                                <img alt="" class="product-image" src="/groceries/images/default-image.png"
                                                                                     style="display:none;" data-reactid="1104"/></div>
                                                                        </a>
                                                                            <div class="product-details--wrapper" data-reactid="1105">
                                                                                <div class="product-details--content" data-reactid="1106"><a
                                                                                    href="/groceries/pl-PL/products/2003120657002"
                                                                                    class="product-tile--title product-tile--browsable" data-reactid="1107">E.
                                                                                    Wedel Batonik o smaku panna cotta 36,5 g</a><!-- react-empty: 1108 -->
                                                                                    <div class="price-per-quantity-weight" data-reactid="1109"><span
                                                                                        data-reactid="1110"><span class="value" data-reactid="1111">53,78</span><span
                                                                                        class="space" data-reactid="1112"> </span><span class="currency"
                                                                                                                                        data-reactid="1113">zł</span></span><span
                                                                                        class="weight" data-reactid="1114">/kg</span></div>
                                                                                    <!-- react-empty: 1115 --></div>
                                                                                <div class="price-control-wrapper clearfix" data-reactid="1116">
                                                                                    <div
                                                                                        class="price-per-sellable-unit price-per-sellable-unit--price price-per-sellable-unit--price-per-item"
                                                                                        data-reactid="1117">
                                                                                        <div class="" data-reactid="1118"><span data-reactid="1119"><span
                                                                                            class="value" data-reactid="1120">1,99</span><span class="space"
                                                                                                                                               data-reactid="1121"> </span><span
                                                                                            class="currency" data-reactid="1122">zł</span></span></div>
                                                                                    </div>
                                                                                </div>
                                                                            </div><!-- react-empty: 1123 -->
                                                                            <div class="product-controls--wrapper" data-reactid="1124">
                                                                                <div class="controls" data-reactid="1125">
                                                                                    <div class="add-remove-product-control-wrapper" data-reactid="1126">
                                                                                        <div class="add-remove-product-control add-only" data-reactid="1127">
                                                                                            <div class="adjust-button add-to-trolley" data-reactid="1128">
                                                                                                <form
                                                                                                    action="/groceries/pl-PL/trolley/items/2003120657002?_method=PUT"
                                                                                                    method="POST" data-reactid="1129"><input type="hidden"
                                                                                                                                             name="_csrf"
                                                                                                                                             value="1Vms0uSf-Oo2nQM1Mwznl_YDwWeNoDyG-2BI"
                                                                                                                                             data-reactid="1130"/><input
                                                                                                    type="hidden" name="returnUrl"
                                                                                                    value="/groceries/pl-PL/categories/Cat00005768"
                                                                                                    data-reactid="1131"/><input type="hidden" name="oldValue"
                                                                                                                                value="0"
                                                                                                                                data-reactid="1132"/><input
                                                                                                    type="hidden" name="newValue" value="1"
                                                                                                    data-reactid="1133"/><input type="hidden"
                                                                                                                                name="newUnitChoice" value="pcs"
                                                                                                                                data-reactid="1134"/><input
                                                                                                    type="hidden" name="oldUnitChoice" value="pcs"
                                                                                                    data-reactid="1135"/><input type="hidden"
                                                                                                                                name="oldCatchWeight"
                                                                                                                                data-reactid="1136"/><input
                                                                                                    type="hidden" name="id" value="2003120657002"
                                                                                                    data-reactid="1137"/><input type="hidden"
                                                                                                                                name="loggedInAction"
                                                                                                                                value="update-trolley-item"
                                                                                                                                data-reactid="1138"/><input
                                                                                                    type="hidden" name="returnTo"
                                                                                                    value="/groceries/pl-PL/categories/Cat00005768"
                                                                                                    data-reactid="1139"/>
                                                                                                    <button class="amount-adjust-button quantity-adjust"
                                                                                                            type="submit" data-reactid="1140"><span
                                                                                                        class="label-text short"
                                                                                                        data-reactid="1141">Dodaj </span><span
                                                                                                        class="label-text long"
                                                                                                        data-reactid="1142">Do koszyka </span><span
                                                                                                        class="plus icon-add-control-add"
                                                                                                        data-reactid="1143"></span><span
                                                                                                        class="chevron icon-chevron-down-small"
                                                                                                        data-reactid="1144"></span></button>
                                                                                                </form>
                                                                                            </div>
                                                                                        </div>
                                                                                    </div>
                                                                                </div>
                                                                            </div><!-- react-empty: 1145 --></div><!-- react-empty: 1146 -->
                                                                        <!-- react-empty: 1147 --><!-- react-empty: 1148 --><!-- react-empty: 1149 --></div>
                                                                </div>
                                                                <div data-reactid="1150"></div>
                                                            </div>
                                                        </li>
                                                        <li class="product-list--list-item" data-reactid="1151">
                                                            <div class="product-tile--wrapper" data-reactid="1152">
                                                                <div class="product-tile" data-reactid="1153">
                                                                    <div class="flexi-tile" data-reactid="1154">
                                                                        <div class="tile-content" data-reactid="1155"><a class="product-image-wrapper"
                                                                                                                         href="/groceries/pl-PL/products/2003120656994"
                                                                                                                         target="_self" data-reactid="1156">
                                                                            <div data-reactid="1157">
                                                                                <noscript data-reactid="1158"><img
                                                                                    src='https://secure.ce-tescoassets.com/assets/PL/275/5901588026275/ShotType1_135x135.jpg'
                                                                                    alt='' class='product-image' style='display: inline-block'/></noscript>
                                                                                <img alt="" class="product-image" src="/groceries/images/default-image.png"
                                                                                     style="display:none;" data-reactid="1159"/></div>
                                                                        </a>
                                                                            <div class="product-details--wrapper" data-reactid="1160">
                                                                                <div class="product-details--content" data-reactid="1161"><a
                                                                                    href="/groceries/pl-PL/products/2003120656994"
                                                                                    class="product-tile--title product-tile--browsable" data-reactid="1162">E.
                                                                                    Wedel Batonik o smaku tiramisu 36,5 g</a><!-- react-empty: 1163 -->
                                                                                    <div class="price-per-quantity-weight" data-reactid="1164"><span
                                                                                        data-reactid="1165"><span class="value" data-reactid="1166">53,78</span><span
                                                                                        class="space" data-reactid="1167"> </span><span class="currency"
                                                                                                                                        data-reactid="1168">zł</span></span><span
                                                                                        class="weight" data-reactid="1169">/kg</span></div>
                                                                                    <!-- react-empty: 1170 --></div>
                                                                                <div class="price-control-wrapper clearfix" data-reactid="1171">
                                                                                    <div
                                                                                        class="price-per-sellable-unit price-per-sellable-unit--price price-per-sellable-unit--price-per-item"
                                                                                        data-reactid="1172">
                                                                                        <div class="" data-reactid="1173"><span data-reactid="1174"><span
                                                                                            class="value" data-reactid="1175">1,99</span><span class="space"
                                                                                                                                               data-reactid="1176"> </span><span
                                                                                            class="currency" data-reactid="1177">zł</span></span></div>
                                                                                    </div>
                                                                                </div>
                                                                            </div><!-- react-empty: 1178 -->
                                                                            <div class="product-controls--wrapper" data-reactid="1179">
                                                                                <div class="controls" data-reactid="1180">
                                                                                    <div class="add-remove-product-control-wrapper" data-reactid="1181">
                                                                                        <div class="add-remove-product-control add-only" data-reactid="1182">
                                                                                            <div class="adjust-button add-to-trolley" data-reactid="1183">
                                                                                                <form
                                                                                                    action="/groceries/pl-PL/trolley/items/2003120656994?_method=PUT"
                                                                                                    method="POST" data-reactid="1184"><input type="hidden"
                                                                                                                                             name="_csrf"
                                                                                                                                             value="1Vms0uSf-Oo2nQM1Mwznl_YDwWeNoDyG-2BI"
                                                                                                                                             data-reactid="1185"/><input
                                                                                                    type="hidden" name="returnUrl"
                                                                                                    value="/groceries/pl-PL/categories/Cat00005768"
                                                                                                    data-reactid="1186"/><input type="hidden" name="oldValue"
                                                                                                                                value="0"
                                                                                                                                data-reactid="1187"/><input
                                                                                                    type="hidden" name="newValue" value="1"
                                                                                                    data-reactid="1188"/><input type="hidden"
                                                                                                                                name="newUnitChoice" value="pcs"
                                                                                                                                data-reactid="1189"/><input
                                                                                                    type="hidden" name="oldUnitChoice" value="pcs"
                                                                                                    data-reactid="1190"/><input type="hidden"
                                                                                                                                name="oldCatchWeight"
                                                                                                                                data-reactid="1191"/><input
                                                                                                    type="hidden" name="id" value="2003120656994"
                                                                                                    data-reactid="1192"/><input type="hidden"
                                                                                                                                name="loggedInAction"
                                                                                                                                value="update-trolley-item"
                                                                                                                                data-reactid="1193"/><input
                                                                                                    type="hidden" name="returnTo"
                                                                                                    value="/groceries/pl-PL/categories/Cat00005768"
                                                                                                    data-reactid="1194"/>
                                                                                                    <button class="amount-adjust-button quantity-adjust"
                                                                                                            type="submit" data-reactid="1195"><span
                                                                                                        class="label-text short"
                                                                                                        data-reactid="1196">Dodaj </span><span
                                                                                                        class="label-text long"
                                                                                                        data-reactid="1197">Do koszyka </span><span
                                                                                                        class="plus icon-add-control-add"
                                                                                                        data-reactid="1198"></span><span
                                                                                                        class="chevron icon-chevron-down-small"
                                                                                                        data-reactid="1199"></span></button>
                                                                                                </form>
                                                                                            </div>
                                                                                        </div>
                                                                                    </div>
                                                                                </div>
                                                                            </div><!-- react-empty: 1200 --></div><!-- react-empty: 1201 -->
                                                                        <!-- react-empty: 1202 --><!-- react-empty: 1203 --><!-- react-empty: 1204 --></div>
                                                                </div>
                                                                <div data-reactid="1205"></div>
                                                            </div>
                                                        </li>
                                                        <li class="product-list--list-item" data-reactid="1206">
                                                            <div class="product-tile--wrapper" data-reactid="1207">
                                                                <div class="product-tile" data-reactid="1208">
                                                                    <div class="flexi-tile" data-reactid="1209">
                                                                        <div class="tile-content" data-reactid="1210"><a class="product-image-wrapper"
                                                                                                                         href="/groceries/pl-PL/products/2003120632918"
                                                                                                                         target="_self" data-reactid="1211">
                                                                            <div data-reactid="1212">
                                                                                <noscript data-reactid="1213"><img
                                                                                    src='https://secure.ce-tescoassets.com/assets/PL/244/5901588026244/ShotType1_135x135.jpg'
                                                                                    alt='' class='product-image' style='display: inline-block'/></noscript>
                                                                                <img alt="" class="product-image" src="/groceries/images/default-image.png"
                                                                                     style="display:none;" data-reactid="1214"/></div>
                                                                        </a>
                                                                            <div class="product-details--wrapper" data-reactid="1215">
                                                                                <div class="product-details--content" data-reactid="1216"><a
                                                                                    href="/groceries/pl-PL/products/2003120632918"
                                                                                    class="product-tile--title product-tile--browsable" data-reactid="1217">E.
                                                                                    Wedel Czeko tubka Krem kakaowo-orzechowy 50 g</a><!-- react-empty: 1218 -->
                                                                                    <div class="price-per-quantity-weight" data-reactid="1219"><span
                                                                                        data-reactid="1220"><span class="value" data-reactid="1221">57,80</span><span
                                                                                        class="space" data-reactid="1222"> </span><span class="currency"
                                                                                                                                        data-reactid="1223">zł</span></span><span
                                                                                        class="weight" data-reactid="1224">/kg</span></div>
                                                                                    <!-- react-empty: 1225 --></div>
                                                                                <div class="price-control-wrapper clearfix" data-reactid="1226">
                                                                                    <div
                                                                                        class="price-per-sellable-unit price-per-sellable-unit--price price-per-sellable-unit--price-per-item"
                                                                                        data-reactid="1227">
                                                                                        <div class="" data-reactid="1228"><span data-reactid="1229"><span
                                                                                            class="value" data-reactid="1230">2,89</span><span class="space"
                                                                                                                                               data-reactid="1231"> </span><span
                                                                                            class="currency" data-reactid="1232">zł</span></span></div>
                                                                                    </div>
                                                                                </div>
                                                                            </div><!-- react-empty: 1233 -->
                                                                            <div class="product-controls--wrapper" data-reactid="1234">
                                                                                <div class="controls" data-reactid="1235">
                                                                                    <div class="add-remove-product-control-wrapper" data-reactid="1236">
                                                                                        <div class="add-remove-product-control add-only" data-reactid="1237">
                                                                                            <div class="adjust-button add-to-trolley" data-reactid="1238">
                                                                                                <form
                                                                                                    action="/groceries/pl-PL/trolley/items/2003120632918?_method=PUT"
                                                                                                    method="POST" data-reactid="1239"><input type="hidden"
                                                                                                                                             name="_csrf"
                                                                                                                                             value="1Vms0uSf-Oo2nQM1Mwznl_YDwWeNoDyG-2BI"
                                                                                                                                             data-reactid="1240"/><input
                                                                                                    type="hidden" name="returnUrl"
                                                                                                    value="/groceries/pl-PL/categories/Cat00005768"
                                                                                                    data-reactid="1241"/><input type="hidden" name="oldValue"
                                                                                                                                value="0"
                                                                                                                                data-reactid="1242"/><input
                                                                                                    type="hidden" name="newValue" value="1"
                                                                                                    data-reactid="1243"/><input type="hidden"
                                                                                                                                name="newUnitChoice" value="pcs"
                                                                                                                                data-reactid="1244"/><input
                                                                                                    type="hidden" name="oldUnitChoice" value="pcs"
                                                                                                    data-reactid="1245"/><input type="hidden"
                                                                                                                                name="oldCatchWeight"
                                                                                                                                data-reactid="1246"/><input
                                                                                                    type="hidden" name="id" value="2003120632918"
                                                                                                    data-reactid="1247"/><input type="hidden"
                                                                                                                                name="loggedInAction"
                                                                                                                                value="update-trolley-item"
                                                                                                                                data-reactid="1248"/><input
                                                                                                    type="hidden" name="returnTo"
                                                                                                    value="/groceries/pl-PL/categories/Cat00005768"
                                                                                                    data-reactid="1249"/>
                                                                                                    <button class="amount-adjust-button quantity-adjust"
                                                                                                            type="submit" data-reactid="1250"><span
                                                                                                        class="label-text short"
                                                                                                        data-reactid="1251">Dodaj </span><span
                                                                                                        class="label-text long"
                                                                                                        data-reactid="1252">Do koszyka </span><span
                                                                                                        class="plus icon-add-control-add"
                                                                                                        data-reactid="1253"></span><span
                                                                                                        class="chevron icon-chevron-down-small"
                                                                                                        data-reactid="1254"></span></button>
                                                                                                </form>
                                                                                            </div>
                                                                                        </div>
                                                                                    </div>
                                                                                </div>
                                                                            </div><!-- react-empty: 1255 --></div><!-- react-empty: 1256 -->
                                                                        <!-- react-empty: 1257 --><!-- react-empty: 1258 --><!-- react-empty: 1259 --></div>
                                                                </div>
                                                                <div data-reactid="1260"></div>
                                                            </div>
                                                        </li>
                                                        <li class="product-list--list-item" data-reactid="1261">
                                                            <div class="product-tile--wrapper" data-reactid="1262">
                                                                <div class="product-tile" data-reactid="1263">
                                                                    <div class="flexi-tile" data-reactid="1264">
                                                                        <div class="tile-content" data-reactid="1265"><a class="product-image-wrapper"
                                                                                                                         href="/groceries/pl-PL/products/2003009847650"
                                                                                                                         target="_self" data-reactid="1266">
                                                                            <div data-reactid="1267">
                                                                                <noscript data-reactid="1268"><img
                                                                                    src='https://secure.ce-tescoassets.com/assets/PL/328/0000059032328/ShotType1_135x135.jpg'
                                                                                    alt='' class='product-image' style='display: inline-block'/></noscript>
                                                                                <img alt="" class="product-image" src="/groceries/images/default-image.png"
                                                                                     style="display:none;" data-reactid="1269"/></div>
                                                                        </a>
                                                                            <div class="product-details--wrapper" data-reactid="1270">
                                                                                <div class="product-details--content" data-reactid="1271"><a
                                                                                    href="/groceries/pl-PL/products/2003009847650"
                                                                                    class="product-tile--title product-tile--browsable" data-reactid="1272">E.
                                                                                    Wedel Pawełek Batonik deserowy advocat 45 g</a><!-- react-empty: 1273 -->
                                                                                    <div class="price-per-quantity-weight" data-reactid="1274"><span
                                                                                        data-reactid="1275"><span class="value" data-reactid="1276">35,33</span><span
                                                                                        class="space" data-reactid="1277"> </span><span class="currency"
                                                                                                                                        data-reactid="1278">zł</span></span><span
                                                                                        class="weight" data-reactid="1279">/kg</span></div>
                                                                                    <!-- react-empty: 1280 --></div>
                                                                                <div class="price-control-wrapper clearfix" data-reactid="1281">
                                                                                    <div
                                                                                        class="price-per-sellable-unit price-per-sellable-unit--price price-per-sellable-unit--price-per-item"
                                                                                        data-reactid="1282">
                                                                                        <div class="" data-reactid="1283"><span data-reactid="1284"><span
                                                                                            class="value" data-reactid="1285">1,59</span><span class="space"
                                                                                                                                               data-reactid="1286"> </span><span
                                                                                            class="currency" data-reactid="1287">zł</span></span></div>
                                                                                    </div>
                                                                                </div>
                                                                            </div><!-- react-empty: 1288 -->
                                                                            <div class="product-controls--wrapper" data-reactid="1289">
                                                                                <div class="controls" data-reactid="1290">
                                                                                    <div class="add-remove-product-control-wrapper" data-reactid="1291">
                                                                                        <div class="add-remove-product-control add-only" data-reactid="1292">
                                                                                            <div class="adjust-button add-to-trolley" data-reactid="1293">
                                                                                                <form
                                                                                                    action="/groceries/pl-PL/trolley/items/2003009847650?_method=PUT"
                                                                                                    method="POST" data-reactid="1294"><input type="hidden"
                                                                                                                                             name="_csrf"
                                                                                                                                             value="1Vms0uSf-Oo2nQM1Mwznl_YDwWeNoDyG-2BI"
                                                                                                                                             data-reactid="1295"/><input
                                                                                                    type="hidden" name="returnUrl"
                                                                                                    value="/groceries/pl-PL/categories/Cat00005768"
                                                                                                    data-reactid="1296"/><input type="hidden" name="oldValue"
                                                                                                                                value="0"
                                                                                                                                data-reactid="1297"/><input
                                                                                                    type="hidden" name="newValue" value="1"
                                                                                                    data-reactid="1298"/><input type="hidden"
                                                                                                                                name="newUnitChoice" value="pcs"
                                                                                                                                data-reactid="1299"/><input
                                                                                                    type="hidden" name="oldUnitChoice" value="pcs"
                                                                                                    data-reactid="1300"/><input type="hidden"
                                                                                                                                name="oldCatchWeight"
                                                                                                                                data-reactid="1301"/><input
                                                                                                    type="hidden" name="id" value="2003009847650"
                                                                                                    data-reactid="1302"/><input type="hidden"
                                                                                                                                name="loggedInAction"
                                                                                                                                value="update-trolley-item"
                                                                                                                                data-reactid="1303"/><input
                                                                                                    type="hidden" name="returnTo"
                                                                                                    value="/groceries/pl-PL/categories/Cat00005768"
                                                                                                    data-reactid="1304"/>
                                                                                                    <button class="amount-adjust-button quantity-adjust"
                                                                                                            type="submit" data-reactid="1305"><span
                                                                                                        class="label-text short"
                                                                                                        data-reactid="1306">Dodaj </span><span
                                                                                                        class="label-text long"
                                                                                                        data-reactid="1307">Do koszyka </span><span
                                                                                                        class="plus icon-add-control-add"
                                                                                                        data-reactid="1308"></span><span
                                                                                                        class="chevron icon-chevron-down-small"
                                                                                                        data-reactid="1309"></span></button>
                                                                                                </form>
                                                                                            </div>
                                                                                        </div>
                                                                                    </div>
                                                                                </div>
                                                                            </div><!-- react-empty: 1310 --></div><!-- react-empty: 1311 -->
                                                                        <!-- react-empty: 1312 --><!-- react-empty: 1313 --><!-- react-empty: 1314 --></div>
                                                                </div>
                                                                <div data-reactid="1315"></div>
                                                            </div>
                                                        </li>
                                                        <li class="product-list--list-item" data-reactid="1316">
                                                            <div class="product-tile--wrapper" data-reactid="1317">
                                                                <div class="product-tile" data-reactid="1318">
                                                                    <div class="flexi-tile" data-reactid="1319">
                                                                        <div class="tile-content" data-reactid="1320"><a class="product-image-wrapper"
                                                                                                                         href="/groceries/pl-PL/products/2003007753908"
                                                                                                                         target="_self" data-reactid="1321">
                                                                            <div data-reactid="1322">
                                                                                <noscript data-reactid="1323"><img
                                                                                    src='https://secure.ce-tescoassets.com/assets/PL/603/0000059025603/ShotType1_135x135.jpg'
                                                                                    alt='' class='product-image' style='display: inline-block'/></noscript>
                                                                                <img alt="" class="product-image" src="/groceries/images/default-image.png"
                                                                                     style="display:none;" data-reactid="1324"/></div>
                                                                        </a>
                                                                            <div class="product-details--wrapper" data-reactid="1325">
                                                                                <div class="product-details--content" data-reactid="1326"><a
                                                                                    href="/groceries/pl-PL/products/2003007753908"
                                                                                    class="product-tile--title product-tile--browsable" data-reactid="1327">E.
                                                                                    Wedel Pawełek Batonik mleczny śmietanka 45 g</a><!-- react-empty: 1328 -->
                                                                                    <div class="price-per-quantity-weight" data-reactid="1329"><span
                                                                                        data-reactid="1330"><span class="value" data-reactid="1331">35,33</span><span
                                                                                        class="space" data-reactid="1332"> </span><span class="currency"
                                                                                                                                        data-reactid="1333">zł</span></span><span
                                                                                        class="weight" data-reactid="1334">/kg</span></div>
                                                                                    <!-- react-empty: 1335 --></div>
                                                                                <div class="price-control-wrapper clearfix" data-reactid="1336">
                                                                                    <div
                                                                                        class="price-per-sellable-unit price-per-sellable-unit--price price-per-sellable-unit--price-per-item"
                                                                                        data-reactid="1337">
                                                                                        <div class="" data-reactid="1338"><span data-reactid="1339"><span
                                                                                            class="value" data-reactid="1340">1,59</span><span class="space"
                                                                                                                                               data-reactid="1341"> </span><span
                                                                                            class="currency" data-reactid="1342">zł</span></span></div>
                                                                                    </div>
                                                                                </div>
                                                                            </div><!-- react-empty: 1343 -->
                                                                            <div class="product-controls--wrapper" data-reactid="1344">
                                                                                <div class="controls" data-reactid="1345">
                                                                                    <div class="add-remove-product-control-wrapper" data-reactid="1346">
                                                                                        <div class="add-remove-product-control add-only" data-reactid="1347">
                                                                                            <div class="adjust-button add-to-trolley" data-reactid="1348">
                                                                                                <form
                                                                                                    action="/groceries/pl-PL/trolley/items/2003007753908?_method=PUT"
                                                                                                    method="POST" data-reactid="1349"><input type="hidden"
                                                                                                                                             name="_csrf"
                                                                                                                                             value="1Vms0uSf-Oo2nQM1Mwznl_YDwWeNoDyG-2BI"
                                                                                                                                             data-reactid="1350"/><input
                                                                                                    type="hidden" name="returnUrl"
                                                                                                    value="/groceries/pl-PL/categories/Cat00005768"
                                                                                                    data-reactid="1351"/><input type="hidden" name="oldValue"
                                                                                                                                value="0"
                                                                                                                                data-reactid="1352"/><input
                                                                                                    type="hidden" name="newValue" value="1"
                                                                                                    data-reactid="1353"/><input type="hidden"
                                                                                                                                name="newUnitChoice" value="pcs"
                                                                                                                                data-reactid="1354"/><input
                                                                                                    type="hidden" name="oldUnitChoice" value="pcs"
                                                                                                    data-reactid="1355"/><input type="hidden"
                                                                                                                                name="oldCatchWeight"
                                                                                                                                data-reactid="1356"/><input
                                                                                                    type="hidden" name="id" value="2003007753908"
                                                                                                    data-reactid="1357"/><input type="hidden"
                                                                                                                                name="loggedInAction"
                                                                                                                                value="update-trolley-item"
                                                                                                                                data-reactid="1358"/><input
                                                                                                    type="hidden" name="returnTo"
                                                                                                    value="/groceries/pl-PL/categories/Cat00005768"
                                                                                                    data-reactid="1359"/>
                                                                                                    <button class="amount-adjust-button quantity-adjust"
                                                                                                            type="submit" data-reactid="1360"><span
                                                                                                        class="label-text short"
                                                                                                        data-reactid="1361">Dodaj </span><span
                                                                                                        class="label-text long"
                                                                                                        data-reactid="1362">Do koszyka </span><span
                                                                                                        class="plus icon-add-control-add"
                                                                                                        data-reactid="1363"></span><span
                                                                                                        class="chevron icon-chevron-down-small"
                                                                                                        data-reactid="1364"></span></button>
                                                                                                </form>
                                                                                            </div>
                                                                                        </div>
                                                                                    </div>
                                                                                </div>
                                                                            </div><!-- react-empty: 1365 --></div><!-- react-empty: 1366 -->
                                                                        <!-- react-empty: 1367 --><!-- react-empty: 1368 --><!-- react-empty: 1369 --></div>
                                                                </div>
                                                                <div data-reactid="1370"></div>
                                                            </div>
                                                        </li>
                                                        <li class="product-list--list-item" data-reactid="1371">
                                                            <div class="product-tile--wrapper" data-reactid="1372">
                                                                <div class="product-tile" data-reactid="1373">
                                                                    <div class="flexi-tile" data-reactid="1374">
                                                                        <div class="tile-content" data-reactid="1375"><a class="product-image-wrapper"
                                                                                                                         href="/groceries/pl-PL/products/2003000120783"
                                                                                                                         target="_self" data-reactid="1376">
                                                                            <div data-reactid="1377">
                                                                                <noscript data-reactid="1378"><img
                                                                                    src='https://secure.ce-tescoassets.com/assets/PL/194/0000059011194/ShotType1_135x135.jpg'
                                                                                    alt='' class='product-image' style='display: inline-block'/></noscript>
                                                                                <img alt="" class="product-image" src="/groceries/images/default-image.png"
                                                                                     style="display:none;" data-reactid="1379"/></div>
                                                                        </a>
                                                                            <div class="product-details--wrapper" data-reactid="1380">
                                                                                <div class="product-details--content" data-reactid="1381"><a
                                                                                    href="/groceries/pl-PL/products/2003000120783"
                                                                                    class="product-tile--title product-tile--browsable" data-reactid="1382">E.
                                                                                    Wedel Pawełek Batonik mleczny toffi 45 g</a><!-- react-empty: 1383 -->
                                                                                    <div class="price-per-quantity-weight" data-reactid="1384"><span
                                                                                        data-reactid="1385"><span class="value" data-reactid="1386">35,33</span><span
                                                                                        class="space" data-reactid="1387"> </span><span class="currency"
                                                                                                                                        data-reactid="1388">zł</span></span><span
                                                                                        class="weight" data-reactid="1389">/kg</span></div>
                                                                                    <!-- react-empty: 1390 --></div>
                                                                                <div class="price-control-wrapper clearfix" data-reactid="1391">
                                                                                    <div
                                                                                        class="price-per-sellable-unit price-per-sellable-unit--price price-per-sellable-unit--price-per-item"
                                                                                        data-reactid="1392">
                                                                                        <div class="" data-reactid="1393"><span data-reactid="1394"><span
                                                                                            class="value" data-reactid="1395">1,59</span><span class="space"
                                                                                                                                               data-reactid="1396"> </span><span
                                                                                            class="currency" data-reactid="1397">zł</span></span></div>
                                                                                    </div>
                                                                                </div>
                                                                            </div><!-- react-empty: 1398 -->
                                                                            <div class="product-controls--wrapper" data-reactid="1399">
                                                                                <div class="controls" data-reactid="1400">
                                                                                    <div class="add-remove-product-control-wrapper" data-reactid="1401">
                                                                                        <div class="add-remove-product-control add-only" data-reactid="1402">
                                                                                            <div class="adjust-button add-to-trolley" data-reactid="1403">
                                                                                                <form
                                                                                                    action="/groceries/pl-PL/trolley/items/2003000120783?_method=PUT"
                                                                                                    method="POST" data-reactid="1404"><input type="hidden"
                                                                                                                                             name="_csrf"
                                                                                                                                             value="1Vms0uSf-Oo2nQM1Mwznl_YDwWeNoDyG-2BI"
                                                                                                                                             data-reactid="1405"/><input
                                                                                                    type="hidden" name="returnUrl"
                                                                                                    value="/groceries/pl-PL/categories/Cat00005768"
                                                                                                    data-reactid="1406"/><input type="hidden" name="oldValue"
                                                                                                                                value="0"
                                                                                                                                data-reactid="1407"/><input
                                                                                                    type="hidden" name="newValue" value="1"
                                                                                                    data-reactid="1408"/><input type="hidden"
                                                                                                                                name="newUnitChoice" value="pcs"
                                                                                                                                data-reactid="1409"/><input
                                                                                                    type="hidden" name="oldUnitChoice" value="pcs"
                                                                                                    data-reactid="1410"/><input type="hidden"
                                                                                                                                name="oldCatchWeight"
                                                                                                                                data-reactid="1411"/><input
                                                                                                    type="hidden" name="id" value="2003000120783"
                                                                                                    data-reactid="1412"/><input type="hidden"
                                                                                                                                name="loggedInAction"
                                                                                                                                value="update-trolley-item"
                                                                                                                                data-reactid="1413"/><input
                                                                                                    type="hidden" name="returnTo"
                                                                                                    value="/groceries/pl-PL/categories/Cat00005768"
                                                                                                    data-reactid="1414"/>
                                                                                                    <button class="amount-adjust-button quantity-adjust"
                                                                                                            type="submit" data-reactid="1415"><span
                                                                                                        class="label-text short"
                                                                                                        data-reactid="1416">Dodaj </span><span
                                                                                                        class="label-text long"
                                                                                                        data-reactid="1417">Do koszyka </span><span
                                                                                                        class="plus icon-add-control-add"
                                                                                                        data-reactid="1418"></span><span
                                                                                                        class="chevron icon-chevron-down-small"
                                                                                                        data-reactid="1419"></span></button>
                                                                                                </form>
                                                                                            </div>
                                                                                        </div>
                                                                                    </div>
                                                                                </div>
                                                                            </div><!-- react-empty: 1420 --></div><!-- react-empty: 1421 -->
                                                                        <!-- react-empty: 1422 --><!-- react-empty: 1423 --><!-- react-empty: 1424 --></div>
                                                                </div>
                                                                <div data-reactid="1425"></div>
                                                            </div>
                                                        </li>
                                                        <li class="product-list--list-item" data-reactid="1426">
                                                            <div class="product-tile--wrapper" data-reactid="1427">
                                                                <div class="product-tile" data-reactid="1428">
                                                                    <div class="flexi-tile" data-reactid="1429">
                                                                        <div class="tile-content" data-reactid="1430"><a class="product-image-wrapper"
                                                                                                                         href="/groceries/pl-PL/products/2003120279720"
                                                                                                                         target="_self" data-reactid="1431">
                                                                            <div data-reactid="1432">
                                                                                <noscript data-reactid="1433"><img
                                                                                    src='https://secure.ce-tescoassets.com/assets/PL/396/0000059042396/ShotType1_135x135.jpg'
                                                                                    alt='' class='product-image' style='display: inline-block'/></noscript>
                                                                                <img alt="" class="product-image" src="/groceries/images/default-image.png"
                                                                                     style="display:none;" data-reactid="1434"/></div>
                                                                        </a>
                                                                            <div class="product-details--wrapper" data-reactid="1435">
                                                                                <div class="product-details--content" data-reactid="1436"><a
                                                                                    href="/groceries/pl-PL/products/2003120279720"
                                                                                    class="product-tile--title product-tile--browsable" data-reactid="1437">E.
                                                                                    Wedel WW Cztery wafelki przekładane nadzieniem orzechowym w mlecznej
                                                                                    czekoladzie 47 g</a><!-- react-empty: 1438 -->
                                                                                    <div class="price-per-quantity-weight" data-reactid="1439"><span
                                                                                        data-reactid="1440"><span class="value" data-reactid="1441">35,96</span><span
                                                                                        class="space" data-reactid="1442"> </span><span class="currency"
                                                                                                                                        data-reactid="1443">zł</span></span><span
                                                                                        class="weight" data-reactid="1444">/kg</span></div>
                                                                                    <!-- react-empty: 1445 --></div>
                                                                                <div class="price-control-wrapper clearfix" data-reactid="1446">
                                                                                    <div
                                                                                        class="price-per-sellable-unit price-per-sellable-unit--price price-per-sellable-unit--price-per-item"
                                                                                        data-reactid="1447">
                                                                                        <div class="" data-reactid="1448"><span data-reactid="1449"><span
                                                                                            class="value" data-reactid="1450">1,69</span><span class="space"
                                                                                                                                               data-reactid="1451"> </span><span
                                                                                            class="currency" data-reactid="1452">zł</span></span></div>
                                                                                    </div>
                                                                                </div>
                                                                            </div><!-- react-empty: 1453 -->
                                                                            <div class="product-controls--wrapper" data-reactid="1454">
                                                                                <div class="controls" data-reactid="1455">
                                                                                    <div class="add-remove-product-control-wrapper" data-reactid="1456">
                                                                                        <div class="add-remove-product-control add-only" data-reactid="1457">
                                                                                            <div class="adjust-button add-to-trolley" data-reactid="1458">
                                                                                                <form
                                                                                                    action="/groceries/pl-PL/trolley/items/2003120279720?_method=PUT"
                                                                                                    method="POST" data-reactid="1459"><input type="hidden"
                                                                                                                                             name="_csrf"
                                                                                                                                             value="1Vms0uSf-Oo2nQM1Mwznl_YDwWeNoDyG-2BI"
                                                                                                                                             data-reactid="1460"/><input
                                                                                                    type="hidden" name="returnUrl"
                                                                                                    value="/groceries/pl-PL/categories/Cat00005768"
                                                                                                    data-reactid="1461"/><input type="hidden" name="oldValue"
                                                                                                                                value="0"
                                                                                                                                data-reactid="1462"/><input
                                                                                                    type="hidden" name="newValue" value="1"
                                                                                                    data-reactid="1463"/><input type="hidden"
                                                                                                                                name="newUnitChoice" value="pcs"
                                                                                                                                data-reactid="1464"/><input
                                                                                                    type="hidden" name="oldUnitChoice" value="pcs"
                                                                                                    data-reactid="1465"/><input type="hidden"
                                                                                                                                name="oldCatchWeight"
                                                                                                                                data-reactid="1466"/><input
                                                                                                    type="hidden" name="id" value="2003120279720"
                                                                                                    data-reactid="1467"/><input type="hidden"
                                                                                                                                name="loggedInAction"
                                                                                                                                value="update-trolley-item"
                                                                                                                                data-reactid="1468"/><input
                                                                                                    type="hidden" name="returnTo"
                                                                                                    value="/groceries/pl-PL/categories/Cat00005768"
                                                                                                    data-reactid="1469"/>
                                                                                                    <button class="amount-adjust-button quantity-adjust"
                                                                                                            type="submit" data-reactid="1470"><span
                                                                                                        class="label-text short"
                                                                                                        data-reactid="1471">Dodaj </span><span
                                                                                                        class="label-text long"
                                                                                                        data-reactid="1472">Do koszyka </span><span
                                                                                                        class="plus icon-add-control-add"
                                                                                                        data-reactid="1473"></span><span
                                                                                                        class="chevron icon-chevron-down-small"
                                                                                                        data-reactid="1474"></span></button>
                                                                                                </form>
                                                                                            </div>
                                                                                        </div>
                                                                                    </div>
                                                                                </div>
                                                                            </div><!-- react-empty: 1475 --></div><!-- react-empty: 1476 -->
                                                                        <!-- react-empty: 1477 --><!-- react-empty: 1478 --><!-- react-empty: 1479 --></div>
                                                                </div>
                                                                <div data-reactid="1480"></div>
                                                            </div>
                                                        </li>
                                                        <li class="product-list--list-item" data-reactid="1481">
                                                            <div class="product-tile--wrapper" data-reactid="1482">
                                                                <div class="product-tile" data-reactid="1483">
                                                                    <div class="flexi-tile" data-reactid="1484">
                                                                        <div class="tile-content" data-reactid="1485"><a class="product-image-wrapper"
                                                                                                                         href="/groceries/pl-PL/products/2003010039877"
                                                                                                                         target="_self" data-reactid="1486">
                                                                            <div data-reactid="1487">
                                                                                <noscript data-reactid="1488"><img
                                                                                    src='https://secure.ce-tescoassets.com/assets/PL/243/8585000207243/ShotType1_135x135.jpg'
                                                                                    alt='' class='product-image' style='display: inline-block'/></noscript>
                                                                                <img alt="" class="product-image" src="/groceries/images/default-image.png"
                                                                                     style="display:none;" data-reactid="1489"/></div>
                                                                        </a>
                                                                            <div class="product-details--wrapper" data-reactid="1490">
                                                                                <div class="product-details--content" data-reactid="1491"><a
                                                                                    href="/groceries/pl-PL/products/2003010039877"
                                                                                    class="product-tile--title product-tile--browsable" data-reactid="1492">Figaro
                                                                                    Pianka o smaku bananowym w czekoladzie 25 g</a><!-- react-empty: 1493 -->
                                                                                    <div class="price-per-quantity-weight" data-reactid="1494"><span
                                                                                        data-reactid="1495"><span class="value" data-reactid="1496">39,60</span><span
                                                                                        class="space" data-reactid="1497"> </span><span class="currency"
                                                                                                                                        data-reactid="1498">zł</span></span><span
                                                                                        class="weight" data-reactid="1499">/kg</span></div>
                                                                                    <!-- react-empty: 1500 --></div>
                                                                                <div class="price-control-wrapper clearfix" data-reactid="1501">
                                                                                    <div
                                                                                        class="price-per-sellable-unit price-per-sellable-unit--price price-per-sellable-unit--price-per-item"
                                                                                        data-reactid="1502">
                                                                                        <div class="" data-reactid="1503"><span data-reactid="1504"><span
                                                                                            class="value" data-reactid="1505">0,99</span><span class="space"
                                                                                                                                               data-reactid="1506"> </span><span
                                                                                            class="currency" data-reactid="1507">zł</span></span></div>
                                                                                    </div>
                                                                                </div>
                                                                            </div><!-- react-empty: 1508 -->
                                                                            <div class="product-controls--wrapper" data-reactid="1509">
                                                                                <div class="controls" data-reactid="1510">
                                                                                    <div class="add-remove-product-control-wrapper" data-reactid="1511">
                                                                                        <div class="add-remove-product-control add-only" data-reactid="1512">
                                                                                            <div class="adjust-button add-to-trolley" data-reactid="1513">
                                                                                                <form
                                                                                                    action="/groceries/pl-PL/trolley/items/2003010039877?_method=PUT"
                                                                                                    method="POST" data-reactid="1514"><input type="hidden"
                                                                                                                                             name="_csrf"
                                                                                                                                             value="1Vms0uSf-Oo2nQM1Mwznl_YDwWeNoDyG-2BI"
                                                                                                                                             data-reactid="1515"/><input
                                                                                                    type="hidden" name="returnUrl"
                                                                                                    value="/groceries/pl-PL/categories/Cat00005768"
                                                                                                    data-reactid="1516"/><input type="hidden" name="oldValue"
                                                                                                                                value="0"
                                                                                                                                data-reactid="1517"/><input
                                                                                                    type="hidden" name="newValue" value="1"
                                                                                                    data-reactid="1518"/><input type="hidden"
                                                                                                                                name="newUnitChoice" value="pcs"
                                                                                                                                data-reactid="1519"/><input
                                                                                                    type="hidden" name="oldUnitChoice" value="pcs"
                                                                                                    data-reactid="1520"/><input type="hidden"
                                                                                                                                name="oldCatchWeight"
                                                                                                                                data-reactid="1521"/><input
                                                                                                    type="hidden" name="id" value="2003010039877"
                                                                                                    data-reactid="1522"/><input type="hidden"
                                                                                                                                name="loggedInAction"
                                                                                                                                value="update-trolley-item"
                                                                                                                                data-reactid="1523"/><input
                                                                                                    type="hidden" name="returnTo"
                                                                                                    value="/groceries/pl-PL/categories/Cat00005768"
                                                                                                    data-reactid="1524"/>
                                                                                                    <button class="amount-adjust-button quantity-adjust"
                                                                                                            type="submit" data-reactid="1525"><span
                                                                                                        class="label-text short"
                                                                                                        data-reactid="1526">Dodaj </span><span
                                                                                                        class="label-text long"
                                                                                                        data-reactid="1527">Do koszyka </span><span
                                                                                                        class="plus icon-add-control-add"
                                                                                                        data-reactid="1528"></span><span
                                                                                                        class="chevron icon-chevron-down-small"
                                                                                                        data-reactid="1529"></span></button>
                                                                                                </form>
                                                                                            </div>
                                                                                        </div>
                                                                                    </div>
                                                                                </div>
                                                                            </div><!-- react-empty: 1530 --></div><!-- react-empty: 1531 -->
                                                                        <!-- react-empty: 1532 --><!-- react-empty: 1533 --><!-- react-empty: 1534 --></div>
                                                                </div>
                                                                <div data-reactid="1535"></div>
                                                            </div>
                                                        </li>
                                                        <li class="product-list--list-item" data-reactid="1536">
                                                            <div class="product-tile--wrapper" data-reactid="1537">
                                                                <div class="product-tile" data-reactid="1538">
                                                                    <div class="flexi-tile" data-reactid="1539">
                                                                        <div class="tile-content" data-reactid="1540"><a class="product-image-wrapper"
                                                                                                                         href="/groceries/pl-PL/products/2003120004574"
                                                                                                                         target="_self" data-reactid="1541">
                                                                            <div data-reactid="1542">
                                                                                <noscript data-reactid="1543"><img
                                                                                    src='https://secure.ce-tescoassets.com/assets/PL/419/8584004041419/ShotType1_135x135.jpg'
                                                                                    alt='' class='product-image' style='display: inline-block'/></noscript>
                                                                                <img alt="" class="product-image" src="/groceries/images/default-image.png"
                                                                                     style="display:none;" data-reactid="1544"/></div>
                                                                        </a>
                                                                            <div class="product-details--wrapper" data-reactid="1545">
                                                                                <div class="product-details--content" data-reactid="1546"><a
                                                                                    href="/groceries/pl-PL/products/2003120004574"
                                                                                    class="product-tile--title product-tile--browsable" data-reactid="1547">Góralki
                                                                                    czekoladowe Wafelek przekładany kremem kakaowo-czekoladowym 50 g</a>
                                                                                    <!-- react-empty: 1548 -->
                                                                                    <div class="price-per-quantity-weight" data-reactid="1549"><span
                                                                                        data-reactid="1550"><span class="value" data-reactid="1551">19,80</span><span
                                                                                        class="space" data-reactid="1552"> </span><span class="currency"
                                                                                                                                        data-reactid="1553">zł</span></span><span
                                                                                        class="weight" data-reactid="1554">/kg</span></div>
                                                                                    <!-- react-empty: 1555 --></div>
                                                                                <div class="price-control-wrapper clearfix" data-reactid="1556">
                                                                                    <div
                                                                                        class="price-per-sellable-unit price-per-sellable-unit--price price-per-sellable-unit--price-per-item"
                                                                                        data-reactid="1557">
                                                                                        <div class="" data-reactid="1558"><span data-reactid="1559"><span
                                                                                            class="value" data-reactid="1560">0,99</span><span class="space"
                                                                                                                                               data-reactid="1561"> </span><span
                                                                                            class="currency" data-reactid="1562">zł</span></span></div>
                                                                                    </div>
                                                                                </div>
                                                                            </div><!-- react-empty: 1563 -->
                                                                            <div class="product-controls--wrapper" data-reactid="1564">
                                                                                <div class="controls" data-reactid="1565">
                                                                                    <div class="add-remove-product-control-wrapper" data-reactid="1566">
                                                                                        <div class="add-remove-product-control add-only" data-reactid="1567">
                                                                                            <div class="adjust-button add-to-trolley" data-reactid="1568">
                                                                                                <form
                                                                                                    action="/groceries/pl-PL/trolley/items/2003120004574?_method=PUT"
                                                                                                    method="POST" data-reactid="1569"><input type="hidden"
                                                                                                                                             name="_csrf"
                                                                                                                                             value="1Vms0uSf-Oo2nQM1Mwznl_YDwWeNoDyG-2BI"
                                                                                                                                             data-reactid="1570"/><input
                                                                                                    type="hidden" name="returnUrl"
                                                                                                    value="/groceries/pl-PL/categories/Cat00005768"
                                                                                                    data-reactid="1571"/><input type="hidden" name="oldValue"
                                                                                                                                value="0"
                                                                                                                                data-reactid="1572"/><input
                                                                                                    type="hidden" name="newValue" value="1"
                                                                                                    data-reactid="1573"/><input type="hidden"
                                                                                                                                name="newUnitChoice" value="pcs"
                                                                                                                                data-reactid="1574"/><input
                                                                                                    type="hidden" name="oldUnitChoice" value="pcs"
                                                                                                    data-reactid="1575"/><input type="hidden"
                                                                                                                                name="oldCatchWeight"
                                                                                                                                data-reactid="1576"/><input
                                                                                                    type="hidden" name="id" value="2003120004574"
                                                                                                    data-reactid="1577"/><input type="hidden"
                                                                                                                                name="loggedInAction"
                                                                                                                                value="update-trolley-item"
                                                                                                                                data-reactid="1578"/><input
                                                                                                    type="hidden" name="returnTo"
                                                                                                    value="/groceries/pl-PL/categories/Cat00005768"
                                                                                                    data-reactid="1579"/>
                                                                                                    <button class="amount-adjust-button quantity-adjust"
                                                                                                            type="submit" data-reactid="1580"><span
                                                                                                        class="label-text short"
                                                                                                        data-reactid="1581">Dodaj </span><span
                                                                                                        class="label-text long"
                                                                                                        data-reactid="1582">Do koszyka </span><span
                                                                                                        class="plus icon-add-control-add"
                                                                                                        data-reactid="1583"></span><span
                                                                                                        class="chevron icon-chevron-down-small"
                                                                                                        data-reactid="1584"></span></button>
                                                                                                </form>
                                                                                            </div>
                                                                                        </div>
                                                                                    </div>
                                                                                </div>
                                                                            </div><!-- react-empty: 1585 --></div><!-- react-empty: 1586 -->
                                                                        <!-- react-empty: 1587 --><!-- react-empty: 1588 --><!-- react-empty: 1589 --></div>
                                                                </div>
                                                                <div data-reactid="1590"></div>
                                                            </div>
                                                        </li>
                                                        <li class="product-list--list-item" data-reactid="1591">
                                                            <div class="product-tile--wrapper" data-reactid="1592">
                                                                <div class="product-tile" data-reactid="1593">
                                                                    <div class="flexi-tile" data-reactid="1594">
                                                                        <div class="tile-content" data-reactid="1595"><a class="product-image-wrapper"
                                                                                                                         href="/groceries/pl-PL/products/2003120004580"
                                                                                                                         target="_self" data-reactid="1596">
                                                                            <div data-reactid="1597">
                                                                                <noscript data-reactid="1598"><img
                                                                                    src='https://secure.ce-tescoassets.com/assets/PL/389/8584004041389/ShotType1_135x135.jpg'
                                                                                    alt='' class='product-image' style='display: inline-block'/></noscript>
                                                                                <img alt="" class="product-image" src="/groceries/images/default-image.png"
                                                                                     style="display:none;" data-reactid="1599"/></div>
                                                                        </a>
                                                                            <div class="product-details--wrapper" data-reactid="1600">
                                                                                <div class="product-details--content" data-reactid="1601"><a
                                                                                    href="/groceries/pl-PL/products/2003120004580"
                                                                                    class="product-tile--title product-tile--browsable" data-reactid="1602">Góralki
                                                                                    mleczne Wafelek przekładany kremem mlecznym 50 g</a>
                                                                                    <!-- react-empty: 1603 -->
                                                                                    <div class="price-per-quantity-weight" data-reactid="1604"><span
                                                                                        data-reactid="1605"><span class="value" data-reactid="1606">19,80</span><span
                                                                                        class="space" data-reactid="1607"> </span><span class="currency"
                                                                                                                                        data-reactid="1608">zł</span></span><span
                                                                                        class="weight" data-reactid="1609">/kg</span></div>
                                                                                    <!-- react-empty: 1610 --></div>
                                                                                <div class="price-control-wrapper clearfix" data-reactid="1611">
                                                                                    <div
                                                                                        class="price-per-sellable-unit price-per-sellable-unit--price price-per-sellable-unit--price-per-item"
                                                                                        data-reactid="1612">
                                                                                        <div class="" data-reactid="1613"><span data-reactid="1614"><span
                                                                                            class="value" data-reactid="1615">0,99</span><span class="space"
                                                                                                                                               data-reactid="1616"> </span><span
                                                                                            class="currency" data-reactid="1617">zł</span></span></div>
                                                                                    </div>
                                                                                </div>
                                                                            </div><!-- react-empty: 1618 -->
                                                                            <div class="product-controls--wrapper" data-reactid="1619">
                                                                                <div class="controls" data-reactid="1620">
                                                                                    <div class="add-remove-product-control-wrapper" data-reactid="1621">
                                                                                        <div class="add-remove-product-control add-only" data-reactid="1622">
                                                                                            <div class="adjust-button add-to-trolley" data-reactid="1623">
                                                                                                <form
                                                                                                    action="/groceries/pl-PL/trolley/items/2003120004580?_method=PUT"
                                                                                                    method="POST" data-reactid="1624"><input type="hidden"
                                                                                                                                             name="_csrf"
                                                                                                                                             value="1Vms0uSf-Oo2nQM1Mwznl_YDwWeNoDyG-2BI"
                                                                                                                                             data-reactid="1625"/><input
                                                                                                    type="hidden" name="returnUrl"
                                                                                                    value="/groceries/pl-PL/categories/Cat00005768"
                                                                                                    data-reactid="1626"/><input type="hidden" name="oldValue"
                                                                                                                                value="0"
                                                                                                                                data-reactid="1627"/><input
                                                                                                    type="hidden" name="newValue" value="1"
                                                                                                    data-reactid="1628"/><input type="hidden"
                                                                                                                                name="newUnitChoice" value="pcs"
                                                                                                                                data-reactid="1629"/><input
                                                                                                    type="hidden" name="oldUnitChoice" value="pcs"
                                                                                                    data-reactid="1630"/><input type="hidden"
                                                                                                                                name="oldCatchWeight"
                                                                                                                                data-reactid="1631"/><input
                                                                                                    type="hidden" name="id" value="2003120004580"
                                                                                                    data-reactid="1632"/><input type="hidden"
                                                                                                                                name="loggedInAction"
                                                                                                                                value="update-trolley-item"
                                                                                                                                data-reactid="1633"/><input
                                                                                                    type="hidden" name="returnTo"
                                                                                                    value="/groceries/pl-PL/categories/Cat00005768"
                                                                                                    data-reactid="1634"/>
                                                                                                    <button class="amount-adjust-button quantity-adjust"
                                                                                                            type="submit" data-reactid="1635"><span
                                                                                                        class="label-text short"
                                                                                                        data-reactid="1636">Dodaj </span><span
                                                                                                        class="label-text long"
                                                                                                        data-reactid="1637">Do koszyka </span><span
                                                                                                        class="plus icon-add-control-add"
                                                                                                        data-reactid="1638"></span><span
                                                                                                        class="chevron icon-chevron-down-small"
                                                                                                        data-reactid="1639"></span></button>
                                                                                                </form>
                                                                                            </div>
                                                                                        </div>
                                                                                    </div>
                                                                                </div>
                                                                            </div><!-- react-empty: 1640 --></div><!-- react-empty: 1641 -->
                                                                        <!-- react-empty: 1642 --><!-- react-empty: 1643 --><!-- react-empty: 1644 --></div>
                                                                </div>
                                                                <div data-reactid="1645"></div>
                                                            </div>
                                                        </li>
                                                        <li class="product-list--list-item" data-reactid="1646">
                                                            <div class="product-tile--wrapper" data-reactid="1647">
                                                                <div class="product-tile" data-reactid="1648">
                                                                    <div class="flexi-tile" data-reactid="1649">
                                                                        <div class="tile-content" data-reactid="1650"><a class="product-image-wrapper"
                                                                                                                         href="/groceries/pl-PL/products/2003120476325"
                                                                                                                         target="_self" data-reactid="1651">
                                                                            <div data-reactid="1652">
                                                                                <noscript data-reactid="1653"><img
                                                                                    src='https://secure.ce-tescoassets.com/assets/PL/433/8584004041433/ShotType1_135x135.jpg'
                                                                                    alt='' class='product-image' style='display: inline-block'/></noscript>
                                                                                <img alt="" class="product-image" src="/groceries/images/default-image.png"
                                                                                     style="display:none;" data-reactid="1654"/></div>
                                                                        </a>
                                                                            <div class="product-details--wrapper" data-reactid="1655">
                                                                                <div class="product-details--content" data-reactid="1656"><a
                                                                                    href="/groceries/pl-PL/products/2003120476325"
                                                                                    class="product-tile--title product-tile--browsable" data-reactid="1657">Góralki
                                                                                    nugatowe Wafelek kakaowy przekładany kremem o smaku nugatowym 50 g</a>
                                                                                    <!-- react-empty: 1658 -->
                                                                                    <div class="price-per-quantity-weight" data-reactid="1659"><span
                                                                                        data-reactid="1660"><span class="value"
                                                                                                                  data-reactid="1661">1,98</span><span
                                                                                        class="space" data-reactid="1662"> </span><span class="currency"
                                                                                                                                        data-reactid="1663">zł</span></span><span
                                                                                        class="weight" data-reactid="1664">/kg</span></div>
                                                                                    <!-- react-empty: 1665 --></div>
                                                                                <div class="price-control-wrapper clearfix" data-reactid="1666">
                                                                                    <div
                                                                                        class="price-per-sellable-unit price-per-sellable-unit--price price-per-sellable-unit--price-per-item"
                                                                                        data-reactid="1667">
                                                                                        <div class="" data-reactid="1668"><span data-reactid="1669"><span
                                                                                            class="value" data-reactid="1670">0,99</span><span class="space"
                                                                                                                                               data-reactid="1671"> </span><span
                                                                                            class="currency" data-reactid="1672">zł</span></span></div>
                                                                                    </div>
                                                                                </div>
                                                                            </div><!-- react-empty: 1673 -->
                                                                            <div class="product-controls--wrapper" data-reactid="1674">
                                                                                <div class="controls" data-reactid="1675">
                                                                                    <div class="add-remove-product-control-wrapper" data-reactid="1676">
                                                                                        <div class="add-remove-product-control add-only" data-reactid="1677">
                                                                                            <div class="adjust-button add-to-trolley" data-reactid="1678">
                                                                                                <form
                                                                                                    action="/groceries/pl-PL/trolley/items/2003120476325?_method=PUT"
                                                                                                    method="POST" data-reactid="1679"><input type="hidden"
                                                                                                                                             name="_csrf"
                                                                                                                                             value="1Vms0uSf-Oo2nQM1Mwznl_YDwWeNoDyG-2BI"
                                                                                                                                             data-reactid="1680"/><input
                                                                                                    type="hidden" name="returnUrl"
                                                                                                    value="/groceries/pl-PL/categories/Cat00005768"
                                                                                                    data-reactid="1681"/><input type="hidden" name="oldValue"
                                                                                                                                value="0"
                                                                                                                                data-reactid="1682"/><input
                                                                                                    type="hidden" name="newValue" value="1"
                                                                                                    data-reactid="1683"/><input type="hidden"
                                                                                                                                name="newUnitChoice" value="pcs"
                                                                                                                                data-reactid="1684"/><input
                                                                                                    type="hidden" name="oldUnitChoice" value="pcs"
                                                                                                    data-reactid="1685"/><input type="hidden"
                                                                                                                                name="oldCatchWeight"
                                                                                                                                data-reactid="1686"/><input
                                                                                                    type="hidden" name="id" value="2003120476325"
                                                                                                    data-reactid="1687"/><input type="hidden"
                                                                                                                                name="loggedInAction"
                                                                                                                                value="update-trolley-item"
                                                                                                                                data-reactid="1688"/><input
                                                                                                    type="hidden" name="returnTo"
                                                                                                    value="/groceries/pl-PL/categories/Cat00005768"
                                                                                                    data-reactid="1689"/>
                                                                                                    <button class="amount-adjust-button quantity-adjust"
                                                                                                            type="submit" data-reactid="1690"><span
                                                                                                        class="label-text short"
                                                                                                        data-reactid="1691">Dodaj </span><span
                                                                                                        class="label-text long"
                                                                                                        data-reactid="1692">Do koszyka </span><span
                                                                                                        class="plus icon-add-control-add"
                                                                                                        data-reactid="1693"></span><span
                                                                                                        class="chevron icon-chevron-down-small"
                                                                                                        data-reactid="1694"></span></button>
                                                                                                </form>
                                                                                            </div>
                                                                                        </div>
                                                                                    </div>
                                                                                </div>
                                                                            </div><!-- react-empty: 1695 --></div><!-- react-empty: 1696 -->
                                                                        <!-- react-empty: 1697 --><!-- react-empty: 1698 --><!-- react-empty: 1699 --></div>
                                                                </div>
                                                                <div data-reactid="1700"></div>
                                                            </div>
                                                        </li>
                                                        <li class="product-list--list-item" data-reactid="1701">
                                                            <div class="product-tile--wrapper" data-reactid="1702">
                                                                <div class="product-tile" data-reactid="1703">
                                                                    <div class="flexi-tile" data-reactid="1704">
                                                                        <div class="tile-content" data-reactid="1705"><a class="product-image-wrapper"
                                                                                                                         href="/groceries/pl-PL/products/2003120004568"
                                                                                                                         target="_self" data-reactid="1706">
                                                                            <div data-reactid="1707">
                                                                                <noscript data-reactid="1708"><img
                                                                                    src='https://secure.ce-tescoassets.com/assets/PL/396/8584004041396/ShotType1_135x135.jpg'
                                                                                    alt='' class='product-image' style='display: inline-block'/></noscript>
                                                                                <img alt="" class="product-image" src="/groceries/images/default-image.png"
                                                                                     style="display:none;" data-reactid="1709"/></div>
                                                                        </a>
                                                                            <div class="product-details--wrapper" data-reactid="1710">
                                                                                <div class="product-details--content" data-reactid="1711"><a
                                                                                    href="/groceries/pl-PL/products/2003120004568"
                                                                                    class="product-tile--title product-tile--browsable" data-reactid="1712">Góralki
                                                                                    orzechowe Wafelek przekładany kremem o smaku orzechów laskowych 50 g</a>
                                                                                    <!-- react-empty: 1713 -->
                                                                                    <div class="price-per-quantity-weight" data-reactid="1714"><span
                                                                                        data-reactid="1715"><span class="value" data-reactid="1716">19,80</span><span
                                                                                        class="space" data-reactid="1717"> </span><span class="currency"
                                                                                                                                        data-reactid="1718">zł</span></span><span
                                                                                        class="weight" data-reactid="1719">/kg</span></div>
                                                                                    <!-- react-empty: 1720 --></div>
                                                                                <div class="price-control-wrapper clearfix" data-reactid="1721">
                                                                                    <div
                                                                                        class="price-per-sellable-unit price-per-sellable-unit--price price-per-sellable-unit--price-per-item"
                                                                                        data-reactid="1722">
                                                                                        <div class="" data-reactid="1723"><span data-reactid="1724"><span
                                                                                            class="value" data-reactid="1725">0,99</span><span class="space"
                                                                                                                                               data-reactid="1726"> </span><span
                                                                                            class="currency" data-reactid="1727">zł</span></span></div>
                                                                                    </div>
                                                                                </div>
                                                                            </div><!-- react-empty: 1728 -->
                                                                            <div class="product-controls--wrapper" data-reactid="1729">
                                                                                <div class="controls" data-reactid="1730">
                                                                                    <div class="add-remove-product-control-wrapper" data-reactid="1731">
                                                                                        <div class="add-remove-product-control add-only" data-reactid="1732">
                                                                                            <div class="adjust-button add-to-trolley" data-reactid="1733">
                                                                                                <form
                                                                                                    action="/groceries/pl-PL/trolley/items/2003120004568?_method=PUT"
                                                                                                    method="POST" data-reactid="1734"><input type="hidden"
                                                                                                                                             name="_csrf"
                                                                                                                                             value="1Vms0uSf-Oo2nQM1Mwznl_YDwWeNoDyG-2BI"
                                                                                                                                             data-reactid="1735"/><input
                                                                                                    type="hidden" name="returnUrl"
                                                                                                    value="/groceries/pl-PL/categories/Cat00005768"
                                                                                                    data-reactid="1736"/><input type="hidden" name="oldValue"
                                                                                                                                value="0"
                                                                                                                                data-reactid="1737"/><input
                                                                                                    type="hidden" name="newValue" value="1"
                                                                                                    data-reactid="1738"/><input type="hidden"
                                                                                                                                name="newUnitChoice" value="pcs"
                                                                                                                                data-reactid="1739"/><input
                                                                                                    type="hidden" name="oldUnitChoice" value="pcs"
                                                                                                    data-reactid="1740"/><input type="hidden"
                                                                                                                                name="oldCatchWeight"
                                                                                                                                data-reactid="1741"/><input
                                                                                                    type="hidden" name="id" value="2003120004568"
                                                                                                    data-reactid="1742"/><input type="hidden"
                                                                                                                                name="loggedInAction"
                                                                                                                                value="update-trolley-item"
                                                                                                                                data-reactid="1743"/><input
                                                                                                    type="hidden" name="returnTo"
                                                                                                    value="/groceries/pl-PL/categories/Cat00005768"
                                                                                                    data-reactid="1744"/>
                                                                                                    <button class="amount-adjust-button quantity-adjust"
                                                                                                            type="submit" data-reactid="1745"><span
                                                                                                        class="label-text short"
                                                                                                        data-reactid="1746">Dodaj </span><span
                                                                                                        class="label-text long"
                                                                                                        data-reactid="1747">Do koszyka </span><span
                                                                                                        class="plus icon-add-control-add"
                                                                                                        data-reactid="1748"></span><span
                                                                                                        class="chevron icon-chevron-down-small"
                                                                                                        data-reactid="1749"></span></button>
                                                                                                </form>
                                                                                            </div>
                                                                                        </div>
                                                                                    </div>
                                                                                </div>
                                                                            </div><!-- react-empty: 1750 --></div><!-- react-empty: 1751 -->
                                                                        <!-- react-empty: 1752 --><!-- react-empty: 1753 --><!-- react-empty: 1754 --></div>
                                                                </div>
                                                                <div data-reactid="1755"></div>
                                                            </div>
                                                        </li>
                                                        <li class="product-list--list-item" data-reactid="1756">
                                                            <div class="product-tile--wrapper" data-reactid="1757">
                                                                <div class="product-tile" data-reactid="1758">
                                                                    <div class="flexi-tile" data-reactid="1759">
                                                                        <div class="tile-content" data-reactid="1760"><a class="product-image-wrapper"
                                                                                                                         href="/groceries/pl-PL/products/2003010939290"
                                                                                                                         target="_self" data-reactid="1761">
                                                                            <div data-reactid="1762">
                                                                                <noscript data-reactid="1763"><img
                                                                                    src='https://secure.ce-tescoassets.com/assets/PL/570/5900394006570/ShotType1_135x135.jpg'
                                                                                    alt='' class='product-image' style='display: inline-block'/></noscript>
                                                                                <img alt="" class="product-image" src="/groceries/images/default-image.png"
                                                                                     style="display:none;" data-reactid="1764"/></div>
                                                                        </a>
                                                                            <div class="product-details--wrapper" data-reactid="1765">
                                                                                <div class="product-details--content" data-reactid="1766"><a
                                                                                    href="/groceries/pl-PL/products/2003010939290"
                                                                                    class="product-tile--title product-tile--browsable" data-reactid="1767">Grześki
                                                                                    Mega kakaowe Wafel przekładany kremem kakaowym 34 g</a>
                                                                                    <!-- react-empty: 1768 -->
                                                                                    <div class="price-per-quantity-weight" data-reactid="1769"><span
                                                                                        data-reactid="1770"><span class="value" data-reactid="1771">35,00</span><span
                                                                                        class="space" data-reactid="1772"> </span><span class="currency"
                                                                                                                                        data-reactid="1773">zł</span></span><span
                                                                                        class="weight" data-reactid="1774">/kg</span></div>
                                                                                    <!-- react-empty: 1775 --></div>
                                                                                <div class="price-control-wrapper clearfix" data-reactid="1776">
                                                                                    <div
                                                                                        class="price-per-sellable-unit price-per-sellable-unit--price price-per-sellable-unit--price-per-item"
                                                                                        data-reactid="1777">
                                                                                        <div class="" data-reactid="1778"><span data-reactid="1779"><span
                                                                                            class="value" data-reactid="1780">1,19</span><span class="space"
                                                                                                                                               data-reactid="1781"> </span><span
                                                                                            class="currency" data-reactid="1782">zł</span></span></div>
                                                                                    </div>
                                                                                </div>
                                                                            </div><!-- react-empty: 1783 -->
                                                                            <div class="product-controls--wrapper" data-reactid="1784">
                                                                                <div class="controls" data-reactid="1785">
                                                                                    <div class="add-remove-product-control-wrapper" data-reactid="1786">
                                                                                        <div class="add-remove-product-control add-only" data-reactid="1787">
                                                                                            <div class="adjust-button add-to-trolley" data-reactid="1788">
                                                                                                <form
                                                                                                    action="/groceries/pl-PL/trolley/items/2003010939290?_method=PUT"
                                                                                                    method="POST" data-reactid="1789"><input type="hidden"
                                                                                                                                             name="_csrf"
                                                                                                                                             value="1Vms0uSf-Oo2nQM1Mwznl_YDwWeNoDyG-2BI"
                                                                                                                                             data-reactid="1790"/><input
                                                                                                    type="hidden" name="returnUrl"
                                                                                                    value="/groceries/pl-PL/categories/Cat00005768"
                                                                                                    data-reactid="1791"/><input type="hidden" name="oldValue"
                                                                                                                                value="0"
                                                                                                                                data-reactid="1792"/><input
                                                                                                    type="hidden" name="newValue" value="1"
                                                                                                    data-reactid="1793"/><input type="hidden"
                                                                                                                                name="newUnitChoice" value="pcs"
                                                                                                                                data-reactid="1794"/><input
                                                                                                    type="hidden" name="oldUnitChoice" value="pcs"
                                                                                                    data-reactid="1795"/><input type="hidden"
                                                                                                                                name="oldCatchWeight"
                                                                                                                                data-reactid="1796"/><input
                                                                                                    type="hidden" name="id" value="2003010939290"
                                                                                                    data-reactid="1797"/><input type="hidden"
                                                                                                                                name="loggedInAction"
                                                                                                                                value="update-trolley-item"
                                                                                                                                data-reactid="1798"/><input
                                                                                                    type="hidden" name="returnTo"
                                                                                                    value="/groceries/pl-PL/categories/Cat00005768"
                                                                                                    data-reactid="1799"/>
                                                                                                    <button class="amount-adjust-button quantity-adjust"
                                                                                                            type="submit" data-reactid="1800"><span
                                                                                                        class="label-text short"
                                                                                                        data-reactid="1801">Dodaj </span><span
                                                                                                        class="label-text long"
                                                                                                        data-reactid="1802">Do koszyka </span><span
                                                                                                        class="plus icon-add-control-add"
                                                                                                        data-reactid="1803"></span><span
                                                                                                        class="chevron icon-chevron-down-small"
                                                                                                        data-reactid="1804"></span></button>
                                                                                                </form>
                                                                                            </div>
                                                                                        </div>
                                                                                    </div>
                                                                                </div>
                                                                            </div><!-- react-empty: 1805 --></div><!-- react-empty: 1806 -->
                                                                        <!-- react-empty: 1807 --><!-- react-empty: 1808 --><!-- react-empty: 1809 --></div>
                                                                </div>
                                                                <div data-reactid="1810"></div>
                                                            </div>
                                                        </li>
                                                        <li class="product-list--list-item" data-reactid="1811">
                                                            <div class="product-tile--wrapper" data-reactid="1812">
                                                                <div class="product-tile" data-reactid="1813">
                                                                    <div class="flexi-tile" data-reactid="1814">
                                                                        <div class="tile-content" data-reactid="1815"><a class="product-image-wrapper"
                                                                                                                         href="/groceries/pl-PL/products/2003009861250"
                                                                                                                         target="_self" data-reactid="1816">
                                                                            <div data-reactid="1817">
                                                                                <noscript data-reactid="1818"><img
                                                                                    src='https://secure.ce-tescoassets.com/assets/PL/495/5900394006495/ShotType1_135x135.jpg'
                                                                                    alt='' class='product-image' style='display: inline-block'/></noscript>
                                                                                <img alt="" class="product-image" src="/groceries/images/default-image.png"
                                                                                     style="display:none;" data-reactid="1819"/></div>
                                                                        </a>
                                                                            <div class="product-details--wrapper" data-reactid="1820">
                                                                                <div class="product-details--content" data-reactid="1821"><a
                                                                                    href="/groceries/pl-PL/products/2003009861250"
                                                                                    class="product-tile--title product-tile--browsable" data-reactid="1822">Grześki
                                                                                    Mega Wafel przekładany kremem kakaowym w czekoladzie 48 g</a>
                                                                                    <!-- react-empty: 1823 -->
                                                                                    <div class="price-per-quantity-weight" data-reactid="1824"><span
                                                                                        data-reactid="1825"><span class="value" data-reactid="1826">26,88</span><span
                                                                                        class="space" data-reactid="1827"> </span><span class="currency"
                                                                                                                                        data-reactid="1828">zł</span></span><span
                                                                                        class="weight" data-reactid="1829">/kg</span></div>
                                                                                    <!-- react-empty: 1830 --></div>
                                                                                <div class="price-control-wrapper clearfix" data-reactid="1831">
                                                                                    <div
                                                                                        class="price-per-sellable-unit price-per-sellable-unit--price price-per-sellable-unit--price-per-item"
                                                                                        data-reactid="1832">
                                                                                        <div class="" data-reactid="1833"><span data-reactid="1834"><span
                                                                                            class="value" data-reactid="1835">1,29</span><span class="space"
                                                                                                                                               data-reactid="1836"> </span><span
                                                                                            class="currency" data-reactid="1837">zł</span></span></div>
                                                                                    </div>
                                                                                </div>
                                                                            </div><!-- react-empty: 1838 -->
                                                                            <div class="product-controls--wrapper" data-reactid="1839">
                                                                                <div class="controls" data-reactid="1840">
                                                                                    <div class="add-remove-product-control-wrapper" data-reactid="1841">
                                                                                        <div class="add-remove-product-control add-only" data-reactid="1842">
                                                                                            <div class="adjust-button add-to-trolley" data-reactid="1843">
                                                                                                <form
                                                                                                    action="/groceries/pl-PL/trolley/items/2003009861250?_method=PUT"
                                                                                                    method="POST" data-reactid="1844"><input type="hidden"
                                                                                                                                             name="_csrf"
                                                                                                                                             value="1Vms0uSf-Oo2nQM1Mwznl_YDwWeNoDyG-2BI"
                                                                                                                                             data-reactid="1845"/><input
                                                                                                    type="hidden" name="returnUrl"
                                                                                                    value="/groceries/pl-PL/categories/Cat00005768"
                                                                                                    data-reactid="1846"/><input type="hidden" name="oldValue"
                                                                                                                                value="0"
                                                                                                                                data-reactid="1847"/><input
                                                                                                    type="hidden" name="newValue" value="1"
                                                                                                    data-reactid="1848"/><input type="hidden"
                                                                                                                                name="newUnitChoice" value="pcs"
                                                                                                                                data-reactid="1849"/><input
                                                                                                    type="hidden" name="oldUnitChoice" value="pcs"
                                                                                                    data-reactid="1850"/><input type="hidden"
                                                                                                                                name="oldCatchWeight"
                                                                                                                                data-reactid="1851"/><input
                                                                                                    type="hidden" name="id" value="2003009861250"
                                                                                                    data-reactid="1852"/><input type="hidden"
                                                                                                                                name="loggedInAction"
                                                                                                                                value="update-trolley-item"
                                                                                                                                data-reactid="1853"/><input
                                                                                                    type="hidden" name="returnTo"
                                                                                                    value="/groceries/pl-PL/categories/Cat00005768"
                                                                                                    data-reactid="1854"/>
                                                                                                    <button class="amount-adjust-button quantity-adjust"
                                                                                                            type="submit" data-reactid="1855"><span
                                                                                                        class="label-text short"
                                                                                                        data-reactid="1856">Dodaj </span><span
                                                                                                        class="label-text long"
                                                                                                        data-reactid="1857">Do koszyka </span><span
                                                                                                        class="plus icon-add-control-add"
                                                                                                        data-reactid="1858"></span><span
                                                                                                        class="chevron icon-chevron-down-small"
                                                                                                        data-reactid="1859"></span></button>
                                                                                                </form>
                                                                                            </div>
                                                                                        </div>
                                                                                    </div>
                                                                                </div>
                                                                            </div><!-- react-empty: 1860 --></div><!-- react-empty: 1861 -->
                                                                        <!-- react-empty: 1862 --><!-- react-empty: 1863 --><!-- react-empty: 1864 --></div>
                                                                </div>
                                                                <div data-reactid="1865"></div>
                                                            </div>
                                                        </li>
                                                    </ul>
                                                </div>
                                            </div>
                                        </div>
                                    </div>
                                </div>
                                <div class="pagination-component grid" data-reactid="1866"><p class="results-count" data-reactid="1867">Zobacz
                                    <strong>1-24</strong> z <strong>141 produktów</strong></p>
                                    <div class="page-selector" data-reactid="1868"><a class="pagination-button disabled prev-next" data-reactid="1869"><span
                                        class="icon-icon_whitechevronleft" data-reactid="1870"></span></a><a class="pagination-button highlight"
                                                                                                             href="/groceries/pl-PL/categories/Cat00005768?page=1"
                                                                                                             data-reactid="1871"><span
                                        data-reactid="1872">1</span></a><a class="pagination-button" href="/groceries/pl-PL/categories/Cat00005768?page=2"
                                                                           data-reactid="1873"><span data-reactid="1874">2</span></a><a
                                        class="pagination-button" href="/groceries/pl-PL/categories/Cat00005768?page=3" data-reactid="1875"><span
                                        data-reactid="1876">3</span></a><span class="ellipsis icon-dots" data-reactid="1877"></span><a class="pagination-button"
                                                                                                                                       href="/groceries/pl-PL/categories/Cat00005768?page=6"
                                                                                                                                       data-reactid="1878"><span
                                        data-reactid="1879">6</span></a><a class="pagination-button prev-next"
                                                                           href="/groceries/pl-PL/categories/Cat00005768?page=2" data-reactid="1880"><span
                                        class="icon-icon_whitechevronright" data-reactid="1881"></span></a></div>
                                </div>
                                <div class="show-more" data-reactid="1882">
                                    <div class="updating" data-reactid="1883">
                                        <div class="spinner" data-reactid="1884"></div>
                                        <span data-reactid="1885">Ładuję więcej produktów…</span></div>
                                    <a class="button button-primary small" rel="nofollow" href="/groceries/pl-PL/categories/Cat00005768?page=2"
                                       data-reactid="1886">Pokaż kolejne 24</a></div>
                            </div>
                        </div>
                    </div>
                    <div id="sort-n-filter" class="sort-n-filter-container fancy-filter" data-reactid="1887">
                        <div class="actionable-layout" data-reactid="1888">
                            <div aria-hidden="true" class="overlay" data-reactid="1889"></div>
                            <div class="actionable-layout--wrapper" data-reactid="1890">
                                <header class="actionable-header" data-reactid="1891">
                                    <div data-reactid="1892"><a rel="nofollow" class="actionable-header--cancel" href="#" data-reactid="1893">Wróć</a>
                                        <h1 class="actionable-header--title" data-reactid="1894">Sortuj i filtruj</h1></div>
                                </header>
                                <div class="actionable-layout--body" data-reactid="1895">
                                    <div class="actionable-layout--scrollable" data-reactid="1896">
                                        <div class="" id="scrollable-overlay" data-reactid="1897">
                                            <div id="top-filter" data-reactid="1898"></div>
                                            <div class="sort-by" data-reactid="1899"><h2 data-reactid="1900">Sortuj wg</h2>
                                                <div class="switchboard" data-reactid="1901">
                                                    <div class="button-row" data-reactid="1902"><a class="button button-secondary"
                                                                                                   href="/groceries/pl-PL/categories/Cat00005768?sortBy=priceAscending"
                                                                                                   rel="nofollow" data-reactid="1903">Cena: od najtańszych</a><a
                                                        class="button button-secondary" href="/groceries/pl-PL/categories/Cat00005768?sortBy=priceDescending"
                                                        rel="nofollow" data-reactid="1904">Cena: od najdroższych</a></div>
                                                    <div class="button-row" data-reactid="1905"><a class="button button-secondary"
                                                                                                   href="/groceries/pl-PL/categories/Cat00005768?sortBy=titleAscending"
                                                                                                   rel="nofollow" data-reactid="1906">Nazwa: A-Z</a><a
                                                        class="button button-secondary" href="/groceries/pl-PL/categories/Cat00005768?sortBy=titleDescending"
                                                        rel="nofollow" data-reactid="1907">Nazwa: Z-A</a></div>
                                                </div>
                                            </div>
                                            <div class="filter-by" data-reactid="1908"><h2 data-reactid="1909">Filtruj wg</h2>
                                                <div class="area area-promotion" data-reactid="1910">
                                                    <div class="collapsible-list" data-reactid="1911"><a class="filter-element" rel="nofollow"
                                                                                                         href="/groceries/pl-PL/categories/Cat00005768?promotion=4294967255&amp;viewAll=promotion"
                                                                                                         data-reactid="1912"><span
                                                        class="checked-status icon-checkbox-square-unchecked" data-reactid="1913"></span><span
                                                        class="label-wrapper" data-reactid="1914"><span class="label highlight"
                                                                                                        data-reactid="1915">Promocje</span><span class="count"
                                                                                                                                                 data-reactid="1916">(6)</span></span></a>
                                                    </div>
                                                </div>
                                                <div class="area area-categories" data-reactid="1917"><h2 data-reactid="1918">KATEGORIA</h2>
                                                    <div class="collapsible-list" data-reactid="1919"><a class="filter-element" rel="nofollow"
                                                                                                         href="/groceries/pl-PL/categories/Cat00005768?shelf=4294967052&amp;viewAll=shelf"
                                                                                                         data-reactid="1920"><span
                                                        class="checked-status icon-checkbox-square-unchecked" data-reactid="1921"></span><span
                                                        class="label-wrapper" data-reactid="1922"><span class="label" data-reactid="1923">Batoniki</span><span
                                                        class="count" data-reactid="1924">(106)</span></span></a><a class="filter-element" rel="nofollow"
                                                                                                                    href="/groceries/pl-PL/categories/Cat00005768?shelf=4294966168&amp;viewAll=shelf"
                                                                                                                    data-reactid="1925"><span
                                                        class="checked-status icon-checkbox-square-unchecked" data-reactid="1926"></span><span
                                                        class="label-wrapper" data-reactid="1927"><span class="label"
                                                                                                        data-reactid="1928">Batony musli</span><span
                                                        class="count" data-reactid="1929">(27)</span></span></a><a rel="nofollow"
                                                                                                                   href="/groceries/pl-PL/categories/Cat00005768?viewAll=shelf#sort-n-filter"
                                                                                                                   class="button button-transparent toggle-list"
                                                                                                                   data-reactid="1930"><span
                                                        class="view-all-label" data-reactid="1931">Więcej Kategorie</span><span class="icon-tiny-down-arrow"
                                                                                                                                data-reactid="1932"></span></a>
                                                    </div>
                                                </div>
                                                <div class="area area-brand" data-reactid="1933"><h2 data-reactid="1934">MARKA</h2>
                                                    <div class="collapsible-list" data-reactid="1935"><a class="filter-element" rel="nofollow"
                                                                                                         href="/groceries/pl-PL/categories/Cat00005768?brand=4294965747&amp;viewAll=brand"
                                                                                                         data-reactid="1936"><span
                                                        class="checked-status icon-checkbox-square-unchecked" data-reactid="1937"></span><span
                                                        class="label-wrapper" data-reactid="1938"><span class="label" data-reactid="1939">3Bit</span><span
                                                        class="count" data-reactid="1940">(2)</span></span></a><a class="filter-element" rel="nofollow"
                                                                                                                  href="/groceries/pl-PL/categories/Cat00005768?brand=4294966509&amp;viewAll=brand"
                                                                                                                  data-reactid="1941"><span
                                                        class="checked-status icon-checkbox-square-unchecked" data-reactid="1942"></span><span
                                                        class="label-wrapper" data-reactid="1943"><span class="label" data-reactid="1944">Bakalland</span><span
                                                        class="count" data-reactid="1945">(4)</span></span></a><a rel="nofollow"
                                                                                                                  href="/groceries/pl-PL/categories/Cat00005768?viewAll=brand#sort-n-filter"
                                                                                                                  class="button button-transparent toggle-list"
                                                                                                                  data-reactid="1946"><span
                                                        class="view-all-label" data-reactid="1947">Więcej Marek</span><span class="icon-tiny-down-arrow"
                                                                                                                            data-reactid="1948"></span></a>
                                                    </div>
                                                </div>
                                            </div>
                                        </div>
                                    </div>
                                </div>
                                <div class="actionable-layout--footer" data-reactid="1949"><a rel="nofollow" class="button done-button button-secondary"
                                                                                              href="#" data-reactid="1950">Gotowe</a></div>
                            </div>
                        </div>
                        <a class="hidden hidden-large" rel="nofollow" href="#top-filter" id="scroll-to-top-button" aria-label="Do góry" data-reactid="1951"></a>
                    </div>
                </div>
                <div class="mini-trolley--container" data-reactid="1952">
                    <div class="mini-trolley" data-reactid="1953">
                        <div class="mini-trolley--row" data-reactid="1954">
                            <div class="mini-trolley--header mini-trolley--cell" data-reactid="1955"><a class="trolley-guide-price-link"
                                                                                                        href="/groceries/pl-PL/trolley?return-url=%2Fgroceries%2Fpl-PL%2Fcategories%2FCat00005768"
                                                                                                        title="Koszyk" data-reactid="1956">
                                <div class="header-guide-price" data-product-count="0" data-reactid="1957">
                                    <div class="header-guide-price--container main-container" data-reactid="1958"><span class="icon-cart"
                                                                                                                        data-reactid="1959"></span></div>
                                    <div class="header-guide-price--container status-container" data-reactid="1960"><span class="header-guide-price--spinner"
                                                                                                                          data-reactid="1961"></span></div>
                                </div>
                            </a>
                                <div class="mini-trolley--header-checkout" data-reactid="1962"><a
                                    class="button button-primary mini-trolley--checkout button-disabled" href="/groceries/pl-PL/slots" disabled=""
                                    data-reactid="1963">Zamów dostawę</a></div>
                                <div class="mini-trolley--empty-message" data-reactid="1964">Produkty, które dodasz do koszyka pojawią się tu.</div>
                            </div>
                        </div>
                        <div class="mini-trolley--row mini-trolley--content-container" data-reactid="1965">
                            <div class="mini-trolley--cell" data-reactid="1966">
                                <ul class="mini-trolley--content" data-reactid="1967"></ul>
                            </div>
                        </div>
                    </div>
                </div>
            </div>
            <div class="" data-reactid="1968">
                <div aria-hidden="true" class="overlay" data-reactid="1969"></div>
            </div>
            <div data-reactid="1970">
                <div class="ecoupon-modal" data-reactid="1971">
                    <div aria-hidden="true" class="overlay" data-reactid="1972"></div>
                </div><!-- react-empty: 1973 --><!-- react-empty: 1974 --></div>
            <div class="footer--wrapper" data-reactid="1975">
                <footer class="footer" data-reactid="1976">
                    <div class="footer-upper" data-reactid="1977">
                        <div class="footer--header" data-reactid="1978">
                            <div class="footer--logo-wrapper" data-reactid="1979"><span class="icon-tesco_logo-gray footer--logo" data-reactid="1980"></span>
                            </div>
                        </div>
                        <section class="footer-list footer-here-to-help" data-reactid="1981">
                            <div class="accordion" data-reactid="1982"><input type="checkbox" class="accordion--toggle" id="pomoc" data-reactid="1983"/><label
                                class="accordion--label" for="pomoc" data-reactid="1984">
                                <div class="accordion--title" data-reactid="1985"><h3 data-reactid="1986">Pomoc</h3></div>
                                <span class="accordion--icon icon-chevron_down-gray" data-reactid="1987"></span></label>
                                <div class="accordion--content" data-reactid="1988">
                                    <ul data-reactid="1989">
                                        <li class="footer-list-item" data-reactid="1990"><a class="footer-list--link"
                                                                                            href="http://www.tesco.pl/ezakupy/pomoc/pomoc-czym-jest-wartosc-orientacyjna.php?rel=help"
                                                                                            data-reactid="1991">Wartość orientacyjna</a></li>
                                        <li class="footer-list-item" data-reactid="1992"><a class="footer-list--link"
                                                                                            href="http://www.tesco.pl/ezakupy/pomoc/pomoc-rejestracja-i-moje-konto.php#9a"
                                                                                            data-reactid="1993">Bezpieczne zakupy on-line</a></li>
                                        <li class="footer-list-item" data-reactid="1994"><a class="footer-list--link"
                                                                                            href="http://www.tesco.pl/ezakupy/regulamin.php"
                                                                                            data-reactid="1995">Regulamin</a></li>
                                        <li class="footer-list-item" data-reactid="1996"><a class="footer-list--link"
                                                                                            href="http://www.tesco.pl/ezakupy/polityka-prywatnosci.php"
                                                                                            data-reactid="1997">Prywatność oraz pliki cookie</a></li>
                                    </ul>
                                </div>
                            </div>
                        </section>
                        <section class="footer-list footer-about" data-reactid="1998">
                            <div class="accordion" data-reactid="1999"><input type="checkbox" class="accordion--toggle" id="o-20nas" data-reactid="2000"/><label
                                class="accordion--label" for="o-20nas" data-reactid="2001">
                                <div class="accordion--title" data-reactid="2002"><h3 data-reactid="2003">O nas</h3></div>
                                <span class="accordion--icon icon-chevron_down-gray" data-reactid="2004"></span></label>
                                <div class="accordion--content" data-reactid="2005">
                                    <ul data-reactid="2006">
                                        <li class="footer-list-item" data-reactid="2007"><a class="footer-list--link"
                                                                                            href="http://www.tesco.pl/ezakupy/sprawdz-dostepnosc-uslugi.php"
                                                                                            data-reactid="2008">Gdzie dostarczamy</a></li>
                                        <li class="footer-list-item" data-reactid="2009"><a class="footer-list--link"
                                                                                            href="http://www.tesco.pl/ezakupy/pomoc/pomoc-zamawianie-dostawy.php#6a"
                                                                                            data-reactid="2010">Koszt dostawy</a></li>
                                        <li class="footer-list-item" data-reactid="2011"><a class="footer-list--link"
                                                                                            href="http://www.tesco.pl/ezakupy/pomoc/pomoc-platnosci.php#9"
                                                                                            data-reactid="2012">Formy płatności</a></li>
                                        <li class="footer-list-item" data-reactid="2013"><a class="footer-list--link" href="http://www.tesco.pl/"
                                                                                            target="_blank" data-reactid="2014">Tesco.pl</a><span
                                            class="footer-list--icon icon-link-blue" data-reactid="2015"></span></li>
                                        <li class="footer-list-item" data-reactid="2016"><a class="footer-list--link" href="http://www.tesco.pl/clubcard"
                                                                                            target="_blank" data-reactid="2017">Clubcard</a><span
                                            class="footer-list--icon icon-link-blue" data-reactid="2018"></span></li>
                                    </ul>
                                </div>
                            </div>
                        </section>
                        <section class="footer-list footer-first-time-shopping" data-reactid="2019">
                            <div class="accordion" data-reactid="2020"><input type="checkbox" class="accordion--toggle" id="pierwsze-20zakupy"
                                                                              data-reactid="2021"/><label class="accordion--label" for="pierwsze-20zakupy"
                                                                                                          data-reactid="2022">
                                <div class="accordion--title" data-reactid="2023"><h3 data-reactid="2024">Pierwsze zakupy</h3></div>
                                <span class="accordion--icon icon-chevron_down-gray" data-reactid="2025"></span></label>
                                <div class="accordion--content" data-reactid="2026">
                                    <ul data-reactid="2027">
                                        <li class="footer-list-item" data-reactid="2028"><a class="footer-list--link"
                                                                                            href="http://www.tesco.pl/ezakupy/pomoc/pomoc-jak-kupowac.php"
                                                                                            data-reactid="2029">Jak robić zakupy</a></li>
                                        <li class="footer-list-item" data-reactid="2030"><a class="footer-list--link"
                                                                                            href="http://www.tesco.pl/ezakupy/pomoc/pomoc-rejestracja-i-moje-konto.php"
                                                                                            data-reactid="2031">Rejestracja</a></li>
                                        <li class="footer-list-item" data-reactid="2032"><a class="footer-list--link"
                                                                                            href="http://www.tesco.pl/ezakupy/pomoc/pomoc-zamawianie-dostawy.php"
                                                                                            data-reactid="2033">Zamawianie dostawy</a></li>
                                        <li class="footer-list-item" data-reactid="2034"><a class="footer-list--link"
                                                                                            href="http://www.tesco.pl/ezakupy/pomoc/pomoc-poprzednio-zakupione.php"
                                                                                            data-reactid="2035">Poprzednio zakupione</a></li>
                                        <li class="footer-list-item" data-reactid="2036"><a class="footer-list--link"
                                                                                            href="http://www.tesco.pl/ezakupy/pomoc-zamawianie-dostawy.php?&amp;_ga=1.198996783.163462096.1391447615#a5"
                                                                                            data-reactid="2037">Jak zamówić fakturę VAT?</a></li>
                                    </ul>
                                </div>
                            </div>
                        </section>
                        <section class="footer-list footer-contact-us" data-reactid="2038">
                            <div class="footer-list--open-section" data-reactid="2039"><h3 data-reactid="2040">Kontakt</h3>
                                <ul data-reactid="2041">
                                    <li class="footer-list-item" data-reactid="2042"><span class="footer-list--icon icon-email" data-reactid="2043"></span><a
                                        class="footer-list--link" href="mailto:ezakupy@tesco.pl" data-reactid="2044">ezakupy@tesco.pl</a></li>
                                    <li class="footer-list-item" data-reactid="2045"><span class="footer-list--icon icon-phone-blue" data-reactid="2046"></span><a
                                        class="footer-list--link" href="tel://800105104" data-reactid="2047">800105104</a></li>
                                    <li class="footer-list-item" data-reactid="2048"><span class="footer-list--icon icon-storefinder-blue"
                                                                                           data-reactid="2049"></span><a class="footer-list--link"
                                                                                                                         href="http://www.tesco.pl/sklepy/"
                                                                                                                         target="_blank" data-reactid="2050">Wyszukaj
                                        sklep</a></li>
                                </ul>
                            </div>
                        </section>
                        <div class="footer--clear" data-reactid="2051"></div>
                        <div class="footer--centered" data-reactid="2052">
                            <div class="footer--tagline icon-strapline" data-reactid="2053"></div>
                            <div class="footer--copyright" data-reactid="2054">© Polska Sp. z o.o. 2016</div>
                        </div>
                        <div class="footer--icons" data-reactid="2055">
                            <div class="footer--card-icons" data-reactid="2056"><span class="footer--icon icon-card-visa" data-reactid="2057"></span><span
                                class="footer--icon icon-card-mastercard" data-reactid="2058"></span><span class="footer--icon icon-card-maestro"
                                                                                                           data-reactid="2059"></span></div>
                            <div class="footer--security-icons" data-reactid="2060"><span class="footer--icon icon-safe_key" data-reactid="2061"></span><span
                                class="footer--icon icon-verified_by_visa" data-reactid="2062"></span><span class="footer--icon icon-mastercard_securecode"
                                                                                                            data-reactid="2063"></span></div>
                        </div>
                    </div>
                </footer>
            </div>
            <div class="left-hand-navigation" data-reactid="2064">
                <div aria-hidden="true" class="overlay" data-reactid="2065"></div>
                <div aria-hidden="true" class="groceries-menu-container" style="height:0;" role="menu" tabindex="0" data-reactid="2066">
                    <div class="groceries-menu" data-reactid="2067">
                        <div class="groceries-menu-content" data-reactid="2068">
                            <header class="main-nav-header" role="menuitem" tabindex="0" data-reactid="2069"><!-- react-text: 2070 -->Zamawiaj zakupy online
                                <!-- /react-text --><!-- react-text: 2071 --><!-- /react-text --></header>
                            <span data-reactid="2072"><ul class="grocery-menu-superdepartment" data-reactid="2073"><li
                                class="item-superdepartment-index list-item" data-reactid="2074"><a href="/warzywa-owoce" role="menuitem" target=""
                                                                                                    data-reactid="2075"><span
                                class="list-item-icon list-item-icon-right icon-chevron_down-gray" data-reactid="2076"></span><span
                                class="list-item-single-line" data-reactid="2077">Warzywa, owoce</span></a></li><li class="item-superdepartment-index list-item"
                                                                                                                    data-reactid="2078"><a
                                href="/pieczywo-cukiernia" role="menuitem" target="" data-reactid="2079"><span
                                class="list-item-icon list-item-icon-right icon-chevron_down-gray" data-reactid="2080"></span><span
                                class="list-item-single-line" data-reactid="2081">Pieczywo, cukiernia</span></a></li><li
                                class="item-superdepartment-index list-item" data-reactid="2082"><a href="/produkty-swieze" role="menuitem" target=""
                                                                                                    data-reactid="2083"><span
                                class="list-item-icon list-item-icon-right icon-chevron_down-gray" data-reactid="2084"></span><span
                                class="list-item-single-line" data-reactid="2085">Produkty świeże</span></a></li><li
                                class="item-superdepartment-index list-item" data-reactid="2086"><a href="/mrozonki" role="menuitem" target=""
                                                                                                    data-reactid="2087"><span
                                class="list-item-icon list-item-icon-right icon-chevron_down-gray" data-reactid="2088"></span><span
                                class="list-item-single-line" data-reactid="2089">Mrożonki</span></a></li><li class="item-superdepartment-index list-item"
                                                                                                              data-reactid="2090"><a href="/art-spozywcze"
                                                                                                                                     role="menuitem" target=""
                                                                                                                                     data-reactid="2091"><span
                                class="list-item-icon list-item-icon-right icon-chevron_down-gray" data-reactid="2092"></span><span
                                class="list-item-single-line" data-reactid="2093">Art. spożywcze</span></a></li><li class="item-superdepartment-index list-item"
                                                                                                                    data-reactid="2094"><a href="/napoje"
                                                                                                                                           role="menuitem"
                                                                                                                                           target=""
                                                                                                                                           data-reactid="2095"><span
                                class="list-item-icon list-item-icon-right icon-chevron_down-gray" data-reactid="2096"></span><span
                                class="list-item-single-line" data-reactid="2097">Napoje</span></a></li><li class="item-superdepartment-index list-item"
                                                                                                            data-reactid="2098"><a href="/chemia-kosmetyki"
                                                                                                                                   role="menuitem" target=""
                                                                                                                                   data-reactid="2099"><span
                                class="list-item-icon list-item-icon-right icon-chevron_down-gray" data-reactid="2100"></span><span
                                class="list-item-single-line" data-reactid="2101">Chemia, kosmetyki</span></a></li><li
                                class="item-superdepartment-index list-item" data-reactid="2102"><a href="/dla-dzieci" role="menuitem" target=""
                                                                                                    data-reactid="2103"><span
                                class="list-item-icon list-item-icon-right icon-chevron_down-gray" data-reactid="2104"></span><span
                                class="list-item-single-line" data-reactid="2105">Dla dzieci</span></a></li><li class="item-superdepartment-index list-item"
                                                                                                                data-reactid="2106"><a href="/dla-zwierzat"
                                                                                                                                       role="menuitem" target=""
                                                                                                                                       data-reactid="2107"><span
                                class="list-item-icon list-item-icon-right icon-chevron_down-gray" data-reactid="2108"></span><span
                                class="list-item-single-line" data-reactid="2109">Dla zwierząt</span></a></li><li class="item-superdepartment-index list-item"
                                                                                                                  data-reactid="2110"><a href="/art-przemyslowe"
                                                                                                                                         role="menuitem"
                                                                                                                                         target=""
                                                                                                                                         data-reactid="2111"><span
                                class="list-item-icon list-item-icon-right icon-chevron_down-gray" data-reactid="2112"></span><span
                                class="list-item-single-line" data-reactid="2113">Art. przemysłowe</span></a></li></ul></span></div>
                    </div>
                </div>
                <nav aria-hidden="true" class="main-nav" id="nav" role="navigation" data-reactid="2114"><a aria-label="Close Navigation"
                                                                                                           class="main-header-button main-header-icon-button pull-right icon icon-burger_menu_icon"
                                                                                                           href="#" rel="nofollow" role="button"
                                                                                                           data-reactid="2115"></a>
                    <div class="main-nav-inner" data-reactid="2116">
                        <div class="fixed-container" data-reactid="2117">
                            <div class="fixed-top" data-reactid="2118">
                                <header class="main-nav-header" data-reactid="2119"><a class="button button-primary main-nav-header-button"
                                                                                       href="//ezakupy.tesco.pl/groceries/pl-PL/login" rel="nofollow"
                                                                                       data-reactid="2120">Zaloguj się</a>
                                    <div class="vertical-divider" data-reactid="2121"></div>
                                    <a class="button button-primary main-nav-header-button" href="//ezakupy.tesco.pl/groceries/pl-PL/register" rel="nofollow"
                                       data-reactid="2122">Rejestracja</a></header>
                                <div class="list-container fixed-middle" data-reactid="2123">
                                    <ul class="list main-nav-list" role="menu" tabindex="0" data-reactid="2124">
                                        <li class="list-header" role="menuitem" tabindex="0" data-reactid="2125">EZAKUPY</li>
                                        <li class=" list-item" data-reactid="2126"><a href="/groceries/pl-PL/shop" role="menuitem" target=""
                                                                                      data-reactid="2127"><span
                                            class="list-item-icon list-item-icon-left icon-shop_all_groceries-01" data-reactid="2128"></span><span
                                            class="list-item-single-line" data-reactid="2129">Zamawiaj zakupy online</span></a></li>
                                        <li class=" list-item" data-reactid="2130"><a href="/groceries/pl-PL/promotions" role="menuitem" target=""
                                                                                      data-reactid="2131"><span
                                            class="list-item-icon list-item-icon-left icon-promotion-nav" data-reactid="2132"></span><span
                                            class="list-item-single-line" data-reactid="2133">Promocje</span></a></li>
                                        <li class=" list-item" data-reactid="2134"><a href="/groceries/pl-PL/slots" role="menuitem" target=""
                                                                                      data-reactid="2135"><span
                                            class="list-item-icon list-item-icon-left icon-bookaslot-01" data-reactid="2136"></span><span
                                            class="list-item-single-line" data-reactid="2137">Zarezerwuj termin dostawy</span></a></li>
                                        <li class=" list-item" data-reactid="2138"><a href="/groceries/pl-PL/favorites" role="menuitem" target=""
                                                                                      data-reactid="2139"><span
                                            class="list-item-icon list-item-icon-left icon-my_products-01" data-reactid="2140"></span><span
                                            class="list-item-single-line" data-reactid="2141">Poprzednio zakupione</span></a></li>
                                        <li class=" list-item" data-reactid="2142"><a href="/groceries/pl-PL/orders" role="menuitem" target=""
                                                                                      data-reactid="2143"><span
                                            class="list-item-icon list-item-icon-left icon-my_orders-01" data-reactid="2144"></span><span
                                            class="list-item-single-line" data-reactid="2145">Moje zamówienia</span></a></li>
                                        <li class="list-header" role="menuitem" tabindex="0" data-reactid="2146">WIĘCEJ OD TESCO</li>
                                        <li class=" list-item" data-reactid="2147"><a href="tel:800105104" role="menuitem" target="" data-reactid="2148"><span
                                            class="list-item-icon list-item-icon-left icon-contact_us-01" data-reactid="2149"></span><span
                                            class="list-item-single-line" data-reactid="2150">800105104</span></a></li>
                                        <li class=" list-item" data-reactid="2151"><a href="mailto:ezakupy@tesco.pl" role="menuitem" target=""
                                                                                      data-reactid="2152"><span
                                            class="list-item-icon list-item-icon-left icon-email-large" data-reactid="2153"></span><span
                                            class="list-item-single-line" data-reactid="2154">ezakupy@tesco.pl</span></a></li>
                                        <li class=" list-item" data-reactid="2155"><a href="http://www.tesco.pl/ezakupy/pomoc.php" role="menuitem"
                                                                                      target="_blank" data-reactid="2156"><span
                                            class="list-item-icon list-item-icon-left icon-help-01" data-reactid="2157"></span><span
                                            class="list-item-single-line" data-reactid="2158">Pomoc</span></a></li>
                                        <li class=" list-item" data-reactid="2159"><a href="/groceries/pl-PL/account" role="menuitem" target=""
                                                                                      data-reactid="2160"><span
                                            class="list-item-icon list-item-icon-left icon-icon05_myaccount" data-reactid="2161"></span><span
                                            class="list-item-single-line" data-reactid="2162">Moje konto</span></a></li>
                                        <li class=" list-item" data-reactid="2163"><a href="http://www.tesco.pl/clubcard" role="menuitem" target="_blank"
                                                                                      data-reactid="2164"><span
                                            class="list-item-icon list-item-icon-left icon-clubcard-01" data-reactid="2165"></span><span
                                            class="list-item-icon list-item-icon-right icon-link" data-reactid="2166"></span><span class="list-item-single-line"
                                                                                                                                   data-reactid="2167">Clubcard</span></a>
                                        </li>
                                        <li class="list-item" data-reactid="2168">
                                            <form action="/groceries/pl-PL/language/switch" method="post" data-reactid="2169"><input type="hidden" name="_csrf"
                                                                                                                                     value="1Vms0uSf-Oo2nQM1Mwznl_YDwWeNoDyG-2BI"
                                                                                                                                     data-reactid="2170"/><input
                                                type="hidden" name="requestedLang" value="en-GB" data-reactid="2171"/><input type="hidden" name="returnUrl"
                                                                                                                             value="/groceries/pl-PL/categories/Cat00005768"
                                                                                                                             data-reactid="2172"/>
                                                <button class="js-lang-switch-nav list-item-button button-text" role="menuitem" data-reactid="2173"><span
                                                    class="list-item-icon list-item-icon-left icon-flag-gb" data-reactid="2174"></span><span
                                                    class="list-item-single-line" data-reactid="2175">English</span></button>
                                            </form>
                                        </li>
                                    </ul>
                                </div>
                            </div>
                        </div>
                        <a aria-controls="nav" class="overlay-close" href="#" data-reactid="2176"></a></div>
                </nav>
            </div>
        </div><!-- react-empty: 2177 -->
        <div data-reactid="2178">
            <div data-breakpoint="small" class="analytics-customer-event--breakpoint analytics-customer-event--small" data-reactid="2179"></div>
            <div data-breakpoint="small-medium" class="analytics-customer-event--breakpoint analytics-customer-event--small-medium" data-reactid="2180"></div>
            <div data-breakpoint="medium" class="analytics-customer-event--breakpoint analytics-customer-event--medium" data-reactid="2181"></div>
            <div data-breakpoint="large" class="analytics-customer-event--breakpoint analytics-customer-event--large" data-reactid="2182"></div>
            <div data-breakpoint="extra-large" class="analytics-customer-event--breakpoint analytics-customer-event--extra-large" data-reactid="2183"></div>
        </div><!-- react-empty: 2184 --><!-- react-empty: 2185 --></div>
</div>
<script src="/groceries/regions/PL-2068af0ace.pl-PL.js"></script>
<script id="config" type="application/json">{
    "bingMapsAPI": "https://dev.virtualearth.net/REST/v1",
    "deliveryInstructionsMaxCharacters": 200,
    "customAgeRestriction": 18,
    "enableAdobeDTM": true,
    "list-items-per-page": 24,
    "defaultBulkBuyLimit": 24,
    "billingAddressFormat": [
        "name",
        "addressLine1",
        "addressLine2",
        "addressLine3",
        "addressLine4",
        "addressLine5"
    ],
    "paymentGatewayUrl": "https://customerpayment.tesco.com/",
    "useMartiniPayment": false,
    "paymentFieldNames": {
        "cardholderName": "CreditCard.CardholderName",
        "cardNumber": "CreditCard.CardNumber",
        "cardSecurityCode": "CreditCard.CardSecurityCode",
        "expiryMonth": "CreditCard.ExpMonth",
        "expiryYear": "CreditCard.ExpYear"
    },
    "supportedCards": [
        {
            "type": "maestro",
            "pattern": "^(5018|5020|5038|6304|6759|676[1-3])",
            "format": "(\\d{4})(\\d{0,4})(\\d{0,4})(\\d{0,4})",
            "length": 16,
            "cvcLength": [
                3
            ],
            "luhn": true,
            "icon": "icon-card-maestro"
        },
        {
            "type": "mastercard",
            "pattern": "^5[1-5]",
            "format": "(\\d{4})(\\d{0,4})(\\d{0,4})(\\d{0,4})",
            "length": 16,
            "cvcLength": [
                3
            ],
            "luhn": true,
            "icon": "icon-card-mastercard"
        },
        {
            "type": "visa-electron",
            "pattern": "^(4026|417500|4405|4508|4844|4913|4917)",
            "format": "(\\d{4})(\\d{0,4})(\\d{0,4})(\\d{0,4})",
            "length": 16,
            "cvcLength": [
                3
            ],
            "luhn": true,
            "icon": "icon-card-visa-electron"
        },
        {
            "type": "visa",
            "pattern": "^4",
            "format": "(\\d{4})(\\d{0,4})(\\d{0,4})(\\d{0,4})",
            "length": 16,
            "cvcLength": [
                3
            ],
            "luhn": true,
            "icon": "icon-card-visa"
        }
    ],
    "footer": {
        "checkoutFooterEnabled": false,
        "data": [
            {
                "title": "footer:here-to-help",
                "links": [
                    {
                        "text": "footer:guide-price",
                        "href": "help:guidePrice"
                    },
                    {
                        "text": "footer:safe-shopping",
                        "href": "links:safeShopping"
                    },
                    {
                        "text": "footer:terms-and-conditions",
                        "href": "links:termsConditions"
                    },
                    {
                        "text": "footer:privacy-cookies",
                        "href": "links:privacyCookie"
                    }
                ]
            },
            {
                "title": "footer:about",
                "links": [
                    {
                        "text": "footer:where-we-deliver",
                        "href": "serviceAvailabilityUrl"
                    },
                    {
                        "text": "footer:service-charge",
                        "href": "links:serviceCharge"
                    },
                    {
                        "text": "footer:payment-options",
                        "href": "links:paymentOptions"
                    },
                    {
                        "text": "footer:corporate",
                        "data": "config",
                        "href": "links:corporate",
                        "target": "_blank",
                        "icon": "link-blue",
                        "alignIcon": "right"
                    },
                    {
                        "text": "footer:clubcard",
                        "href": "links:clubCard",
                        "target": "_blank",
                        "icon": "link-blue",
                        "alignIcon": "right"
                    }
                ]
            },
            {
                "title": "footer:first-time-shopping",
                "links": [
                    {
                        "text": "footer:how-to-shop",
                        "href": "links:howToShop"
                    },
                    {
                        "text": "footer:registration",
                        "href": "links:registration"
                    },
                    {
                        "text": "footer:booking-a-delivery",
                        "href": "links:bookDelivery"
                    },
                    {
                        "text": "footer:favourites",
                        "href": "links:favourites"
                    },
                    {
                        "text": "footer:vat-invoice",
                        "href": "links:vat-invoice"
                    }
                ]
            },
            {
                "title": "footer:contact-us",
                "open": true,
                "links": [
                    {
                        "text": "contactEmail",
                        "data": "config",
                        "href": "emailUrl",
                        "icon": "email"
                    },
                    {
                        "text": "CONTACT",
                        "data": "config",
                        "href": "phoneURL",
                        "icon": "phone-blue"
                    },
                    {
                        "text": "footer:store-locator",
                        "href": "links:store-locator",
                        "target": "_blank",
                        "icon": "storefinder-blue"
                    }
                ]
            }
        ]
    },
    "minutesBeforeSlotExpiryWarning": 30,
    "paymentOptionsReferers": [
        "/checkout/process",
        "/checkout/refresh-checkout",
        "/checkout/3ds",
        "/checkout/3ds/process-martini"
    ],
    "eventsPageEnabled": true,
    "redirect": [
        {
            "legacyRoute": "/:lang([a-z]{2}-[a-z]{2})/order/myorder",
            "newRoute": "/:lang/orders",
            "redirectType": 302
        },
        {
            "legacyRoute": "/:lang([a-z]{2}-[a-z]{2})/favourites/myfavourites",
            "newRoute": "/:lang/favorites",
            "redirectType": 302
        },
        {
            "legacyRoute": "/:lang([a-z]{2}-[a-z]{2})/favourites/list",
            "newRoute": "/:lang/favorites",
            "redirectType": 302
        },
        {
            "legacyRoute": "/:lang([a-z]{2}-[a-z]{2})/login/forgotpassword",
            "newRoute": "/:lang/forgot-password",
            "redirectType": 302
        },
        {
            "legacyRoute": "/:lang([a-z]{2}-[a-z]{2})/promotion/list",
            "newRoute": "/:lang/promotions",
            "redirectType": 302
        },
        {
            "legacyRoute": "/:lang([a-z]{2}-[a-z]{2})/productdetail/productdetail/:id(\\d+)",
            "newRoute": "\"/:lang/products/:id",
            "redirectType": 302
        },
        {
            "legacyRoute": "/:lang([a-z]{2}-[a-z]{2})/buylist/list",
            "queryParams": [
                {
                    "name": "buylistsourceid"
                }
            ],
            "newRoute": "/:lang/buy-lists/:buylistsourceid",
            "redirectType": 302
        },
        {
            "legacyRoute": "/:lang([a-z]{2}-[a-z]{2})/product/browseproducts",
            "queryParams": [
                {
                    "name": "taxonomyid"
                }
            ],
            "newRoute": "/:lang/categories/:taxonomyid/",
            "redirectType": 302
        },
        {
            "legacyRoute": "/:lang([a-z]{2}-[a-z]{2})/search/list",
            "queryParams": [
                {
                    "name": "searchquery"
                }
            ],
            "newRoute": "/:lang/search/?query=:searchquery",
            "redirectType": 302
        }
    ],
    "useMango": {
        "productPage": false
    },
    "orderSummary": {
        "showCollectionInstructions": true
    },
    "bagCharges": false,
    "showProductUnavailableMessages": false,
    "editPassword": false,
    "dcsHomePagePreview": true,
    "forceFallbackHomePageData": false,
    "useS3ForFallbackContent": false,
    "eventsPage": true,
    "adobeProductRecommendations": false,
    "showPromotionsCarousel": false,
    "showPostcodeSearch": false,
    "allowMultipleAddresses": false,
    "mvtSupport": true,
    "mvtApiUrl": "http://tescostoresltd.tt.omtrdc.net/rest/v1/mbox",
    "mvt": {
        "host": "http://tescostoresltd.tt.omtrdc.net/rest/v1/mbox",
        "client": "tescostoresltd",
        "mbox": "GHS-target-global-mbox",
        "timeout": 1000
    },
    "responsive": {
        "smallMax": 599,
        "mediumSmallMin": 600,
        "mediumSmallMax": 767,
        "mediumMin": 768,
        "mediumMax": 991,
        "largeMin": 992,
        "largeMax": 1199,
        "extraLargeMin": 1200
    },
    "SITES": {
        "PL": {
            "footer": {
                "corporate": "Tesco.pl",
                "copyright": "Polska Sp. z o.o. $date"
            },
            "help": {
                "eCoupons": {
                    "en-GB": "http://www.tesco.pl/ezakupy/help/help-ecoupons.php?rel=help",
                    "pl-PL": "http://www.tesco.pl/ezakupy/pomoc/pomoc-ekupony.php?rel=help"
                },
                "homeDelivery": {
                    "en-GB": "http://www.tesco.pl/ezakupy/help/help-about-tesco-ezakupy.php?rel=help#3",
                    "pl-PL": "http://www.tesco.pl/ezakupy/pomoc/pomoc-zamawianie-dostawy.php"
                },
                "clickCollect": {
                    "en-GB": "http://www.tesco.pl/ezakupy/help/help-shopping-collection-from-store.php",
                    "pl-PL": "http://www.tesco.pl/ezakupy/pomoc/pomoc-odbior-osobisty-zamow-i-odbierz.php"
                },
                "guidePrice": {
                    "en-GB": "http://www.tesco.pl/ezakupy/help/help-what-is-guide-price.php?rel=help",
                    "pl-PL": "http://www.tesco.pl/ezakupy/pomoc/pomoc-czym-jest-wartosc-orientacyjna.php?rel=help"
                },
                "onlineShopping": {
                    "en-GB": "http://www.tesco.pl/ezakupy/help/help-payment.php",
                    "pl-PL": "http://www.tesco.pl/ezakupy/pomoc/pomoc-platnosci.php"
                },
                "myAccount": {
                    "en-GB": "http://www.tesco.pl/ezakupy/help/help-registration-and-my-account.php",
                    "pl-PL": "http://www.tesco.pl/ezakupy/pomoc/pomoc-rejestracja-i-moje-konto.php"
                }
            },
            "links": {
                "corporate": "http://www.tesco.pl/",
                "help": {
                    "en-GB": "http://www.tesco.pl/ezakupy/help/help.php?rel=help",
                    "pl-PL": "http://www.tesco.pl/ezakupy/pomoc.php"
                },
                "clubCard": {
                    "en-GB": "http://www.tesco.pl/clubcard",
                    "pl-PL": "http://www.tesco.pl/clubcard"
                },
                "privacyCookie": {
                    "en-GB": "http://www.tesco.pl/ezakupy/privacy-policy.php?rel=help",
                    "pl-PL": "http://www.tesco.pl/ezakupy/polityka-prywatnosci.php"
                },
                "termsConditions": {
                    "en-GB": "http://www.tesco.pl/ezakupy/terms-and-conditions.php?rel=help",
                    "pl-PL": "http://www.tesco.pl/ezakupy/regulamin.php"
                },
                "feedback": {
                    "en-GB": "https://s.userzoom.com/m/MSBDMzUyUzMw",
                    "pl-PL": "https://s.userzoom.com/m/NSBDMzUyUzM4"
                },
                "updates": {
                    "en-GB": "http://www.tesco.pl/ezakupy/sign-up-for-service-availibility.php/#form",
                    "pl-PL": "http://www.tesco.pl/ezakupy/powiadom-mnie-o-dostepnosci-uslugi.php"
                },
                "safeShopping": {
                    "en-GB": "http://www.tesco.pl/ezakupy/help/help-registration-and-my-account.php#9a",
                    "pl-PL": "http://www.tesco.pl/ezakupy/pomoc/pomoc-rejestracja-i-moje-konto.php#9a"
                },
                "paymentOptions": {
                    "en-GB": "http://www.tesco.pl/ezakupy/help/help-payment.php#9",
                    "pl-PL": "http://www.tesco.pl/ezakupy/pomoc/pomoc-platnosci.php#9"
                },
                "serviceCharge": {
                    "en-GB": "http://www.tesco.pl/ezakupy/help/help-booking-a-delivery.php#6a",
                    "pl-PL": "http://www.tesco.pl/ezakupy/pomoc/pomoc-zamawianie-dostawy.php#6a"
                },
                "favourites": {
                    "en-GB": "http://www.tesco.pl/ezakupy/help/help-my-favourites.php",
                    "pl-PL": "http://www.tesco.pl/ezakupy/pomoc/pomoc-poprzednio-zakupione.php"
                },
                "bookDelivery": {
                    "en-GB": "http://www.tesco.pl/ezakupy/help/help-booking-a-delivery.php",
                    "pl-PL": "http://www.tesco.pl/ezakupy/pomoc/pomoc-zamawianie-dostawy.php"
                },
                "registration": {
                    "en-GB": "http://www.tesco.pl/ezakupy/help/help-registration-and-my-account.php",
                    "pl-PL": "http://www.tesco.pl/ezakupy/pomoc/pomoc-rejestracja-i-moje-konto.php"
                },
                "howToShop": {
                    "en-GB": "http://www.tesco.pl/ezakupy/help/help-how-to-shop.php",
                    "pl-PL": "http://www.tesco.pl/ezakupy/pomoc/pomoc-jak-kupowac.php"
                },
                "store-locator": {
                    "pl-PL": "http://www.tesco.pl/sklepy/"
                },
                "vat-invoice": {
                    "en-GB": "http://www.tesco.pl/ezakupy/help-booking-a-delivery.php?_ga=1.198996783.163462096.1391447615#a5",
                    "pl-PL": "http://www.tesco.pl/ezakupy/pomoc-zamawianie-dostawy.php?&_ga=1.198996783.163462096.1391447615#a5"
                },
                "amendOrderHelp": {
                    "en-GB": "http://www.tesco.pl/ezakupy/help/help-cancelling-or-changing-a-delivery.php",
                    "pl-PL": "http://www.tesco.pl/ezakupy/pomoc/pomoc-rezygnacja-lub-zmiana-zamowienia.php"
                },
                "cancelOrderHelp": {
                    "en-GB": "http://www.tesco.pl/ezakupy/help/help-cancelling-or-changing-a-delivery.php",
                    "pl-PL": "http://www.tesco.pl/ezakupy/pomoc/pomoc-rezygnacja-lub-zmiana-zamowienia.php"
                },
                "deliveryHelp": {
                    "en-GB": "http://www.tesco.pl/ezakupy/help/help-payment.php",
                    "pl-PL": "http://www.tesco.pl/ezakupy/pomoc/pomoc-platnosci.php"
                }
            },
            "navigation": {
                "pl-PL": [
                    {
                        "categoryTitle": "layout:main-nav.groceries",
                        "links": [
                            {
                                "url": "/promotions",
                                "text": "layout:main-nav.promotions",
                                "newTab": false,
                                "leftIcon": "icon-promotion-nav",
                                "rightIcon": ""
                            },
                            {
                                "url": "/slots",
                                "text": "layout:main-nav.book-a-slot",
                                "newTab": false,
                                "leftIcon": "icon-bookaslot-01",
                                "rightIcon": ""
                            },
                            {
                                "url": "/favorites",
                                "text": "layout:main-nav.my-favorites",
                                "newTab": false,
                                "leftIcon": "icon-my_products-01",
                                "rightIcon": ""
                            },
                            {
                                "url": "/orders",
                                "text": "layout:main-nav.my-orders",
                                "newTab": false,
                                "leftIcon": "icon-my_orders-01",
                                "rightIcon": ""
                            },
                            {
                                "url": "/events",
                                "text": "navigation:events-page",
                                "newTab": false,
                                "leftIcon": "icon-icon-events",
                                "rightIcon": "",
                                "feature": "eventsPage",
                                "cmsNav": true
                            }
                        ]
                    },
                    {
                        "categoryTitle": "layout:main-nav.more-from_tesco",
                        "links": [
                            {
                                "url": "tel:800105104",
                                "text": "CONTACT",
                                "newTab": false,
                                "leftIcon": "icon-contact_us-01",
                                "rightIcon": ""
                            },
                            {
                                "url": "mailto:ezakupy@tesco.pl",
                                "text": "contactEmail",
                                "newTab": false,
                                "leftIcon": "icon-email-large",
                                "rightIcon": ""
                            },
                            {
                                "url": "http://www.tesco.pl/ezakupy/pomoc.php",
                                "text": "common:help",
                                "newTab": true,
                                "leftIcon": "icon-help-01",
                                "rightIcon": ""
                            },
                            {
                                "url": "/account",
                                "text": "layout:main-nav.my-account",
                                "newTab": false,
                                "leftIcon": "icon-icon05_myaccount",
                                "rightIcon": ""
                            },
                            {
                                "url": "http://www.tesco.pl/clubcard",
                                "text": "layout:main-nav.clubcard",
                                "newTab": true,
                                "leftIcon": "icon-clubcard-01",
                                "rightIcon": "icon-link"
                            }
                        ]
                    }
                ],
                "en-GB": [
                    {
                        "categoryTitle": "layout:main-nav.groceries",
                        "links": [
                            {
                                "url": "/promotions",
                                "text": "layout:main-nav.promotions",
                                "newTab": false,
                                "leftIcon": "icon-promotion-nav",
                                "rightIcon": ""
                            },
                            {
                                "url": "/slots",
                                "text": "layout:main-nav.book-a-slot",
                                "newTab": false,
                                "leftIcon": "icon-bookaslot-01",
                                "rightIcon": ""
                            },
                            {
                                "url": "/favorites",
                                "text": "layout:main-nav.my-favorites",
                                "newTab": false,
                                "leftIcon": "icon-my_products-01",
                                "rightIcon": ""
                            },
                            {
                                "url": "/orders",
                                "text": "layout:main-nav.my-orders",
                                "newTab": false,
                                "leftIcon": "icon-my_orders-01",
                                "rightIcon": ""
                            },
                            {
                                "url": "/events",
                                "text": "navigation:events-page",
                                "newTab": false,
                                "leftIcon": "icon-icon-events",
                                "rightIcon": "",
                                "feature": "eventsPage",
                                "cmsNav": true
                            }
                        ]
                    },
                    {
                        "categoryTitle": "layout:main-nav.more-from_tesco",
                        "links": [
                            {
                                "url": "tel:800105104",
                                "text": "CONTACT",
                                "newTab": false,
                                "leftIcon": "icon-contact_us-01",
                                "rightIcon": ""
                            },
                            {
                                "url": "mailto:ezakupy@tesco.pl",
                                "text": "contactEmail",
                                "newTab": false,
                                "leftIcon": "icon-email-large",
                                "rightIcon": ""
                            },
                            {
                                "url": "http://www.tesco.pl/ezakupy/help/help.php?rel=help",
                                "text": "common:help",
                                "newTab": true,
                                "leftIcon": "icon-help-01",
                                "rightIcon": ""
                            },
                            {
                                "url": "/account",
                                "text": "layout:main-nav.my-account",
                                "newTab": false,
                                "leftIcon": "icon-icon05_myaccount",
                                "rightIcon": ""
                            },
                            {
                                "url": "http://www.tesco.pl/clubcard",
                                "text": "layout:main-nav.clubcard",
                                "newTab": true,
                                "leftIcon": "icon-clubcard-01",
                                "rightIcon": "icon-link"
                            }
                        ]
                    }
                ]
            },
            "registration": {
                "addressFields": [
                    {
                        "name": "county-district",
                        "label": "auth:address-fields.county-district",
                        "type": "select",
                        "locationType": [
                            "County",
                            "District"
                        ]
                    },
                    {
                        "name": "municipality",
                        "label": "auth:address-fields.municipality",
                        "type": "select",
                        "locationType": "Municipality"
                    },
                    {
                        "name": "city-quarter",
                        "label": "auth:address-fields.city-quarter",
                        "type": "select",
                        "locationType": [
                            "Municipality Part",
                            "Quarter"
                        ]
                    },
                    {
                        "name": "street",
                        "label": "auth:address-fields.street",
                        "type": "select",
                        "locationType": "Street"
                    },
                    {
                        "name": "house-number",
                        "label": "auth:address-fields.house-number",
                        "type": "select",
                        "locationType": "Address"
                    },
                    {
                        "name": "freetext1",
                        "label": "auth:address-fields.flat-number-optional",
                        "type": "input",
                        "maxLength": 6
                    }
                ],
                "configs": {
                    "registrationConsentRequired": false,
                    "marketingLabelText": "auth:marketing-label-text.pl",
                    "dataProtectionText": "auth:data-protection-text.pl",
                    "termsOfUseText": "auth:terms-of-use-text.pl",
                    "termsAndConditionsConsentText": "auth:terms-and-conditions-consent.pl",
                    "nameTitleOptions": false,
                    "fullName": false,
                    "firstName": true,
                    "lastName": true,
                    "phoneNumber": [
                        {
                            "rule": "phone-number-five-digits",
                            "translation": "auth:validation.phone-number-min-length",
                            "arg": 5
                        },
                        {
                            "rule": "phone-number-format",
                            "translation": "auth:validation.phone-number-format"
                        },
                        {
                            "rule": "required",
                            "translation": "auth:validation.phone-number-required"
                        }
                    ],
                    "altPhoneNumber": [
                        {
                            "rule": "phone-number-five-digits",
                            "translation": "auth:validation.phone-number-min-length",
                            "arg": 5
                        },
                        {
                            "rule": "phone-number-format",
                            "translation": "auth:validation.phone-number-format"
                        }
                    ],
                    "phoneNumberAllowedCharacters": "[0-9]"
                }
            },
            "groceryApiUrl": "http://api.s.pl.disco/api/",
            "loginApiUrl": "http://api.r.pl.disco/api/",
            "REGION": "PL",
            "cssDomain": "assets.ce-tescoassets.com",
            "secureAssetsDomain": "secure.ce-tescoassets.com",
            "cmsSecureAssetsDomain": "s.tesco.pl",
            "jsDomain": "js.ce-tescoassets.com",
            "productImagesDomain": "pi.ce-tescoassets.com",
            "3dsecure": true,
            "brand": "tesco",
            "bingMapKey": "As92g_XrAmhZDH-RZA46rQB8eD8vyegW9ZJOJA9CMsshREPo-9XlzJDX8PCNA0S-",
            "googleVerificationId": "TL-3qHx_cQc_rPXB1-Go5DKxDx6aIZN6_6IOAExo_AY",
            "LANGUAGES": [
                "pl-PL",
                "en-GB"
            ],
            "hasTaxInfo": false,
            "timezone": "Europe/Warsaw",
            "cookiePolicy": "strict",
            "sharedLogin": true,
            "CONTACT": "800105104",
            "phoneURL": "tel://800105104",
            "contactEmail": "ezakupy@tesco.pl",
            "emailUrl": "mailto:ezakupy@tesco.pl",
            "currency": {
                "symbolPosition": "right",
                "symbol": "zł",
                "decimalMark": ",",
                "thousandsSeparator": " "
            },
            "format": {
                "month": "MMM"
            },
            "LANGUAGESWITCH": true,
            "loyaltyCardNumberLength": 18,
            "loyaltyCardPrefix": "63400952",
            "serviceAvailableAreas": "Warsaw, Wroclaw, Lublin, Lodz, Opole, Poznan, Gliwice, Zabrze, Bielsko-Biala, Krakow, Katowice, Chorzow, Ruda-Slaska, Knurow, Mikolow, Gdynia, Sopot, Kielce, Szczecin, Bydgoszcz, Czestochowa Rzeszow, Walbrzych, Szczawno-Zdroj, Swidnica, Swiebodzice.",
            "serviceAvailabilityUrl": {
                "en-GB": "http://www.tesco.pl/ezakupy/check-service-availability.php",
                "pl-PL": "http://www.tesco.pl/ezakupy/sprawdz-dostepnosc-uslugi.php"
            },
            "signUpForUpdatesUrl": "auth:sign-up-for-updates-url.pl",
            "creditCardsSupport": [
                "visa",
                "visa-debit",
                "visa-electron",
                "mastercard",
                "maestro"
            ],
            "threeDSecureSupport": [
                "verified_by_visa",
                "mastercard_securecode"
            ],
            "customInstructions": true,
            "checkout": {
                "pay-at-door": true,
                "show-terms-and-conditions": false,
                "disallowInAmendMode": true,
                "confirmation-guide-price-info": [
                    "alcohol",
                    "todays-price",
                    "weight",
                    "substitutions",
                    "returns"
                ]
            },
            "showAmendChangePayment": false,
            "showAmendChangeSlot": false,
            "allowAmendSlot": false,
            "domains": [
                {
                    "root": "tesco.pl",
                    "grocery": "ezakupy",
                    "login": "ezakupy",
                    "secure": "ezakupy",
                    "usePort": false
                }
            ],
            "groceryApiHost": "s.tesco.pl",
            "groceryApiPort": "443",
            "groceryApiProto": "https",
            "loginApiHost": "r.tesco.pl",
            "loginApiPort": "443",
            "loginApiProto": "https"
        }
    },
    "daemon": false
}</script>
<script src="/groceries/common-e798782ac8.bundle.js"></script>
<script src="/groceries/categories-86fe39b74c.bundle.js"></script>
<script src="/groceries/scripts/dtm-helper-fdd5851821.js"></script>
</body>
</html>
